3250 6517
163 922 232 987 ⁵12

164 1108 245 1174 Sion
267 1099 496 1188 conquerere.“
839 1097 962 1162 nullum
981 1103 1089 1162 netne

165 1209 308 1294 querelae
329 1209 480 1292 planetus
502 1222 630 1288 usperae
839 1202 983 1286 nullique
1005 1201 1096 1268 eede.

165 1321 199 1379 et
220 1313 366 1397 ploratus
390 1309 486 1374 audio
745 1304 788 1368 30

79 1476 84 1482 .
164 1417 257 1482 vocis
280 1422 313 1479 et
333 1414 488 1495 loquelae,

165 1522 275 1587 mixtae
298 1526 372 1582 sunt
395 1514 548 1599 suspirio,

165 1629 364 1713 planguntur
387 1644 406 1690 u
427 1621 607 1688 Ruelruele:

839 1389 913 1455 Non
934 1388 1099 1473 permittet
1120 1387 1202 1455 deus

840 1500 874 1558 te
896 1487 1137 1559 succumbere.“

840 1594 948 1658 nullus
969 1592 1170 1677 phariseus,

841 1698 948 1762 nullus
969 1685 1170 1781 philistaeus,

167 1809 310 1895 „Surge,
333 1828 443 1894 pugne
466 1813 550 1889 tute,
841 1799 948 1864 nullus
970 1798 1155 1881 gelimerus

166 1922 240 1980 tuos
263 1933 335 1980 eum
358 1915 477 1978 virtute
747 1907 788 1969 35
841 1900 1011 1984 nullusque
1033 1899 1159 1965 etheus

166 2016 277 2080 hostes
300 2023 455 2096 contere,
842 2013 957 2072 eontra
979 2002 1182 2089 Stephanum

166 2137 265 2200 surge
287 2118 406 2198 libere,
841 2119 994 2198 poterunt
1014 2112 1200 2201 prevalere

166 2221 261 2304 pulsu
284 2219 441 2283 servitute
841 2217 937 2300 eique
956 2233 1093 2301 noeer03

168 2341 285 2403 egnum
308 2340 462 2403 sequere,
841 2318 997 2384 sederunt

167 2422 221 2487 hie
245 2442 304 2485 rex
327 2422 460 2503 gloriae,
747 2419 789 2483 40
842 2428 875 2484 et
897 2419 1016 2484 devicti

167 2523 252 2588 stola
274 2523 404 2606 eurslls,
425 2524 572 2589 bravium
647 2544 650 2549 ·
841 2529 931 2611 sunt,
953 2521 1066 2588 efflieti

167 2625 335 2706 vietoriae,
842 2633 1037 2692 manserunt.

166 2726 243 2791 hine
263 2727 318 2809 pie
341 2726 557 2809 conplectere.

167 2915 289 2999 Spera,
312 2915 427 2997 erede,

167 3019 257 3084 nulle
278 3018 369 3084 eaede
392 3018 488 3100 tede,

163 3119 261 3203 juxte
285 3119 326 3182 de
348 3118 501 3184 mercede

844 2812 1034 2880 llsnrientes
1113 2848 1118 2856 -

845 2922 879 2979 et
901 2915 1047 2979 sitientes
1091 2983 1096 2994 ,

748 3017 791 3081 45
845 3018 1013 3099 vixerunt,

844 3137 956 3186 omnes
980 3118 1157 3203 perierunt

256 3301 302 3355 lls
320 3317 355 3355 ru
373 3300 458 3358 (irate
475 3304 563 3374 ltltl.
582 3304 617 3358 1³
634 3302 733 3359 Jehrln
751 3302 803 3360 rnit
819 3301 952 3358 Noumen

258 3432 293 3485 10
310 3431 366 3501 lux,
383 3433 432 3487 lle.
465 3434 500 3487 21
520 3433 706 3504 turpitudinis,
725 3432 774 3489 flu.
812 3434 849 3490 28
867 3448 1015 3503 conquere,
1033 3431 1082 3488 Hs.

578 3782 688 3857 1162.
722 3784 782 3857 lte
808 3808 836 3856 s.
862 3783 1056 3883 Stephano.

166 4021 230 4087 Eia
251 4023 345 4104 plebs
367 4020 516 4104 levitice,
844 4023 1023 4106 sreptauus
1043 4024 1155 4106 plenus
1177 4023 1286 4106 gretie

167 4125 200 4187 in
224 4123 353 4188 laudern
375 4123 429 4187 dei
450 4143 610 4210 uonsonn,
842 4125 980 4208 faciebat
999 4129 1158 4211 prodtpiu,
1203 4127 1212 4141 '

167 4224 328 4311 Stephani
350 4247 459 4311 punge
481 4231 609 4295 rutilant
844 4235 936 4313 suun
956 4250 1074 4313 munna
1094 4235 1128 4298 ἐπ
1149 4233 1283 4315 populo,
1419 4227 1448 4290 ¹5

166 4331 329 4413 passionis
352 4332 540 4414 victorium,
844 4333 966 4399 doeens
988 4333 1108 4399 Christi
1130 4334 1298 4417 magnalis

168 4432 223 4512 qui
243 4441 416 4498 coronatus
439 4433 550 4517 lapide
769 4437 790 4500 ll
843 4457 904 4522 per
925 4435 1113 4502 Judaeorum
1136 4438 1278 4521 agmina.

166 4533 289 4615 primus
314 4535 419 4617 fulget
440 4537 475 4601 in
496 4537 634 4621 agmine.
842 4539 930 4606 unde
951 4539 1103 4605 zelabant
1124 4539 1271 4624 nimiunn,

788 4667 795 4679 ¹
843 4644 975 4709 levitem
1000 4643 1263 4710 dissertissimnrn

165 4740 223 4807 Ad
246 4741 331 4806 (lona
354 4744 459 4809 saneti
481 4745 613 4829 spiritus
844 4754 879 4811 nt
901 4766 973 4812 eum
995 4748 1068 4812 neui
1088 4746 1276 4830 truderent,
1421 4742 1456 4809 rt
1483 4722 1485 4789 l

166 4843 387 4927 dispertienda
408 4848 560 4928 gentibus
843 4847 963 4915 Christi
984 4867 1102 4915 nomen
1124 4851 1367 4934 exlinssufflllss
1483 4854 1485 4917 ἶ

166 4947 345 5027 septiformi
367 4966 428 5032 pru
451 4971 584 5019 munere
677 4956 681 4961 ’

168 5045 338 5129 elegerunt
358 5054 390 5116 in
413 5054 527 5122 ordine
750 5059 794 5126 10
843 5064 905 5145 Qui
925 5067 959 5131 in
980 5067 1073 5132 vultu
1094 5068 1265 5152 melitio,

167 5159 291 5232 septem
315 5156 403 5220 viros
427 5162 573 5242 apostoli.

152 5269 304 5331 ¹quorum
325 5276 406 5321 nnns
428 5261 582 5327 mirabilis

842 5167 932 5232 fonte
954 5169 1099 5251 repletus
1121 5169 1285 5253 mystice,

843 5278 879 5336 ut
900 5273 978 5337 tuba
999 5278 1095 5336 sonat
1117 5270 1249 5338 ductilis
