3250 6517
163 930 208 995 94

166 1116 209 1182 ad
231 1115 428 1199 diligendum
450 1112 576 1178 fervide
844 1108 961 1172 ostiola
983 1124 1043 1171 vos
1065 1107 1183 1190 patriae

209 1218 389 1284 incendium
412 1219 573 1301 praebete‚
887 1211 962 1275 bina
985 1210 1057 1274 miri
1079 1209 1226 1293 decoris,

165 1342 216 1386 me
240 1320 283 1384 ad
304 1318 500 1384 noscendum
522 1315 654 1400 limpide
748 1316 789 1377 55
844 1332 905 1397 per
924 1330 984 1376 vos
1008 1313 1174 1397 culparum
1195 1313 1327 1378 veniam

209 1422 344 1489 scientia
366 1422 501 1504 replete.
888 1424 922 1478 et
943 1414 1082 1498 gratiam
1105 1416 1292 1497 nanciscar,

844 1536 906 1601 per
928 1533 989 1580 vos
1012 1515 1176 1580 coeleetem
1198 1516 1339 1598 gloriam

165 1609 247 1674 Duae
270 1609 367 1673 olivae
388 1609 523 1692 gratiae,
890 1639 961 1685 cum
984 1620 1105 1683 sanctis
1127 1618 1301 1702 adipiscar.

210 1730 271 1776 vos
295 1710 352 1775 titii
375 1711 574 1794 splendoris,

254 1888 302 1942 lis.
321 1903 356 1942 nn
375 1888 511 1945 dldnchen
536 1887 604 1942 Clm.
623 1888 702 1941 3012.
727 1883 808 1940 tec.
835 1884 986 1940 15551111.
1010 1887 1074 1955 (A).
1118 1884 1313 1940 Reichenauer
1331 1886 1379 1958 Pa]

167 1976 220 2030 No.
238 1977 281 2030 36.
309 1974 352 2029 111.
371 1975 431 2029 181.
460 1992 494 2029 sn
522 1974 692 2042 Karlsrnhe‚
725 1974 758 2026 15
785 1972 883 2030 tahrh.
912 1972 976 2041 (Β).
1013 1972 1077 2026 Von
1099 1971 1161 2026 dem
1181 1972 1266 2027 Prior
1285 1973 1379 2029 Konna

167 2061 292 2132 daming.

190 2216 197 2225 .
255 2165 349 2221 Ueber
367 2163 412 2218 die
431 2163 615 2233 Verbindnng
639 2162 737 2217 beider
755 2161 876 2232 Apostel
901 2166 968 2232 sagt
986 2163 1117 2232 Aoqostts.
1135 2177 1216 2216 serm
1234 2163 1298 2231 298,
1317 2166 1343 2218 1.
1371 2164 1379 2219 1

169 2251 275 2322 primns
293 2248 499 2320 apostolorum,
516 2248 622 2304 Paulus
636 2249 804 2303 norissimus
819 2247 1024 2317 apostolorum,
1044 2279 1076 2289 -
1095 2247 1132 2303 ad
1146 2265 1228 2303 unum
1243 2242 1317 2304 diem
1330 2266 1379 2321 pas

168 2337 222 2392 sibi
242 2339 427 2391 occurrerunt
445 2335 551 2404 primus
569 2340 598 2389 et
616 2334 794 2388 novissimus.
831 2333 931 2389 Sermo
949 2335 1011 2401 299,
1029 2335 1054 2388 2.
1090 2334 1173 2403 dens,
1191 2335 1240 2404 qni
1258 2352 1289 2389 se
1308 2338 1379 2406 prim

166 2427 347 2482 novissimum
367 2424 526 2479 aeternitate
546 2423 761 2493 commendavit,
780 2423 841 2493 ipse
859 2423 1008 2493 apostolos
1027 2423 1144 2494 primum
1162 2429 1192 2479 et
1208 2425 1379 2481 novissimus

166 2513 246 2569 sione
265 2511 419 2584 conjunxit.

256 2635 289 2687 13
313 2633 450 2705 perspicis
474 2636 515 2703 Α,
543 2650 574 2688 es
598 2632 710 2688 benieht
733 2633 794 2688 sich
818 2632 872 2688 anf
891 2634 935 2688 die
960 2633 1142 2706 Varntarung
1160 2635 1276 2692 Christi.
1311 2639 1379 2692 32r

169 2721 205 2774 31
231 2736 336 2791 magna
362 2720 438 2776 steht
464 2736 519 2775 vor
545 2719 692 2774 luminaria
716 2721 747 2776 B.
792 2723 828 2776 15
852 2718 984 2776 formatae
1010 2721 1050 2776 ist
1076 2722 1147 2776 auch
1175 2722 1311 2795 nnlissig.
1352 2726 1379 2779 st

167 2805 234 2861 disc.
252 2808 288 2862 Α.
322 2810 358 2862 19
375 2807 492 2879 spiritus
511 2805 530 2862 1.
543 2812 631 2863 sanct.
644 2808 674 2862 Β.
710 2810 744 2862 51
757 2824 811 2864 vos
826 2807 983 2864 delatantee
995 2809 1027 2863 B.
1054 2811 1091 2863 59
1099 2809 1226 2865 hostiola
1234 2811 1293 2882 AB,
1307 2827 1379 2882 prop

252 2928 286 2983 V.
305 2932 329 2981 1.
358 2934 466 2999 pastor.
494 2931 621 3002 chrysost.
647 2929 682 2982 de
700 2929 840 2984 sacerdot.
863 2932 896 2998 2,
915 2931 939 2983 1.
963 2934 1030 3001 eagt
1047 2946 1082 2984 nn
1100 2929 1163 2985 Joh.
1181 2932 1226 3000 21,
1245 2933 1287 2987 15.
1314 2934 1379 3008 spor

164 3014 296 3087 μαθητὴν
314 3011 330 3071 d
349 3014 531 3085 διδάσκαλος,
565 3051 589 3061 -
624 3018 667 3072 ivo
693 3014 767 3087 ἡμᾶς
791 3014 905 3089 διδάξῃ,
933 3014 1000 3072 ὅσον
1018 3014 1093 3089 αὐτῷ
1109 3019 1184 3090 μέλει
1202 3016 1252 3090 τῆς
1268 3018 1324 3076 sair
1340 3041 1378 3078 nc

166 3101 330 3165 ἐπιστασίας
347 3101 457 3159 τούτων.
489 3103 519 3158 S.
538 3103 591 3157 No.
609 3104 671 3172 685,
685 3106 710 3158 t.

255 3190 289 3244 V.
308 3191 332 3244 9.
365 3190 512 3259 princeps,
540 3189 628 3244 daher
645 3189 734 3244 treisst
751 3204 784 3243 er
801 3185 1010 3265 πρωτόθροκος.
1037 3190 1100 3245 Jan.
1126 3190 1168 3245 aa
1215 3191 1358 3250 Primates

167 3276 267 3345 datur,
285 3283 390 3331 utana
408 3275 513 3332 Christi
530 3276 652 3332 ecclesia
670 3282 700 3332 et
720 3276 856 3332 cathedra
873 3292 930 3330 una
949 3281 1129 3332 monstretur.
1161 3277 1191 3333 S.
1210 3279 1335 3351 Cypriani
1352 3282 1379 3336 dt

167 3362 235 3417 eoct
254 3378 281 3432 p.
300 3364 361 3416 391.
398 3362 533 3433 Princeps
552 3363 764 3433 apostotorum,
792 3361 926 3433 princepe
945 3367 1088 3417 tantorum
1107 3363 1273 3435 principum.
1309 3367 1340 3423 S.
1357 3372 1379 3425 A

167 3459 240 3509 orat
259 3455 301 3508 ct.

256 3543 290 3597 V.
309 3545 351 3596 10.
376 3543 512 3598 eeclesias.
541 3541 639 3599 Gestat
656 3545 757 3600 Petrus
775 3544 939 3616 plerumque
958 3544 1088 3599 ecclesiae
1106 3560 1264 3617 personam.
1291 3546 1321 3604 S.
1337 3545 1379 3612 As,

167 3647 261 3686 sermo
288 3631 340 3698 75,
369 3631 410 3689 10.
452 3629 635 3701 Evangelium
666 3631 799 3686 admonet
823 3648 874 3686 nos
900 3630 1061 3703 intelligere
1085 3648 1163 3686 mare
1186 3648 1314 3703 presens
1338 3648 1378 3688 sa

168 3733 240 3785 esse,
259 3717 373 3770 Petrum
390 3732 461 3771 vero
479 3717 639 3787 apostolum
657 3718 701 3787 (in
721 3718 817 3790 Benug
837 3716 891 3772 ans
903 3718 1000 3775 ntattn.
1021 3719 1068 3787 11,
1085 3720 1208 3789 28-31)
1232 3719 1362 3776 ecclesiae

168 3808 274 3873 typum.
324 3802 385 3873 lpse
413 3803 485 3856 enim
511 3803 611 3859 Petrus
638 3804 666 3858 in
694 3806 890 3875 apostolomm
917 3806 1016 3861 ordine
1039 3805 1159 3876 primns,
1190 3807 1219 3860 in
1244 3807 1379 3864 christia

168 3888 390 3959 promtissimus,
418 3905 495 3961 saepe
512 3908 582 3946 nnus
601 3892 755 3961 respondet
771 3909 825 3963 pro
844 3891 980 3948 omnibns.
1009 3923 1041 3934 -
1074 3891 1183 3948 Nomen
1200 3894 1304 3950 Patres
1321 3911 1340 3950 a
1356 3894 1379 3951 du

167 3977 328 4047 impositum
346 3983 399 4047 est,
417 3983 447 4033 et
464 3979 519 4035 hoc
537 3980 565 4033 in
584 3995 618 4033 ea
636 3978 736 4051 figura,
756 3986 786 4035 ut
805 3978 981 4052 significaret
998 3981 1153 4037 ecclesiam.
1180 3982 1270 4050 musa
1289 3998 1369 4038 serm.

168 4065 269 4121 Petrus
287 4066 416 4121 ecclesiae
434 4063 554 4138 figuram
572 4074 678 4139 portat,
697 4068 877 4138 apostolatde
894 4068 1089 4139 principatum.
1114 4068 1182 4124 ibid.
1201 4071 1246 4140 16,
1263 4072 1290 4126 3.
1318 4070 1377 4139 mc,

254 4154 287 4209 V.
307 4157 349 4207 11.
376 4154 425 4223 τῆς
442 4156 598 4226 οἰκουμένης
616 4153 792 4218 διδάσκαλος.
830 4156 957 4226 Ctryaost.
977 4160 1077 4209 eontra
1095 4171 1185 4211 anom.
1204 4156 1235 4225 8,
1253 4157 1280 4213 9.

253 4239 288 4294 V.
306 4242 348 4295 3³.
377 4239 520 4317 φωστῆρες
539 4237 565 4296 dc
582 4239 699 4318 μεγάλοι
717 4238 767 4312 τῆς
785 4240 933 4311 ἐκκλησίας.
960 4240 1023 4295 Jnn.
1041 4242 1084 4295 29.

253 4327 286 4381 V.
305 4329 347 4381 11.
370 4326 453 4380 tnbae.
480 4329 593 4389 Hootoc
611 4326 735 4402 σάλπιγξ
754 4331 828 4382 θεία.
847 4327 929 4384 Febr.
949 4330 989 4381 15.
1026 4327 1153 4400 chrysost
1171 4328 1206 4382 de
1225 4333 1314 4384 terrae
1330 4337 1379 4386 mot

167 4417 252 4467 nennt
269 4412 322 4466 den
340 4412 461 4481 Apostel
479 4412 584 4467 Paulus
602 4412 672 4490 λύρα
689 4413 739 4469 τοῦ
758 4411 922 4486 πνεύματος.

261 4497 294 4553 V.
313 4500 354 4552 51.
379 4498 508 4553 Andreas
525 4516 583 4555 von
600 4500 760 4556 Jemsalem
777 4507 865 4556 nennt
883 4502 924 4556 sie
943 4500 970 4557 ὁι
987 4500 1036 4572 τῆς
1054 4499 1170 4578 χάριτος
1187 4499 1303 4579 &tripos
1329 4500 1379 4558 Ju

423 4851 509 4925 687.
549 4850 742 4950 Sequentia
769 4852 813 4926 de
840 4880 867 4925 s.
894 4855 1006 4926 Petro
1033 4866 1068 4926 et
1092 4853 1221 4927 Paulo.

167 5088 250 5154 Dnae
272 5108 352 5152 vere
375 5098 448 5154 sunt
471 5092 583 5172 olivae,
846 5091 960 5172 quibus
984 5088 1062 5154 Sion
1087 5097 1138 5153 est
1160 5091 1323 5175 compluta

166 5208 228 5273 per
251 5208 332 5273 quos
355 5191 477 5274 plantae
499 5193 670 5275 primitivae
845 5200 879 5257 et
901 5193 1034 5257 coeleste
1054 5192 1197 5258 delibuta

209 5302 385 5360 noscuntur
407 5295 575 5378 ecclesiae,
887 5295 991 5361 Roma
1013 5315 1091 5361 rore
1114 5296 1239 5379 gratiss.
