3250 6517
291 1095 385 1163 coxa
412 1096 456 1160 sit
480 1095 584 1180 patri,
622 1093 711 1161 (lona
739 1094 811 1179 ejus
840 1098 966 1180 genito,

289 1198 424 1282 aequalis
453 1197 541 1264 doxa
567 1199 610 1263 sit
636 1206 751 1265 sancto
779 1200 956 1284 paraclito,

291 1302 417 1368 civibus
444 1300 576 1366 summis
604 1301 759 1385 gandium
786 1303 829 1367 sit
858 1302 1004 1386 angelis,

289 1423 357 1488 pax
385 1403 427 1468 eit
453 1402 487 1467 in
512 1402 632 1468 mundo
661 1403 862 1488 Margaretae
892 1405 1014 1489 passio.

151 1605 174 1643 a
191 1604 228 1644 nn
244 1577 383 1645 hlinchen
401 1587 470 1644 clm
489 1587 585 1642 stota.
603 1589 638 1642 tt
655 1588 755 1644 Jehrh.

159 1712 282 1785 anch,
300 1710 350 1766 lla
401 1710 608 1782 hhlargaretre
626 1706 720 1780 fideli,
744 1711 794 1767 lle.
843 1711 984 1778 9orane,
1006 1709 1055 1764 lls.
1105 1710 1139 1763 16
1154 1711 1274 1784 jungat,
1294 1711 1343 1767 lle.

151 1815 195 1854 rer
212 1796 359 1870 fulgidum
406 1796 620 1866 1111111.-
639 1796 796 1867 pneumati,
815 1796 878 1866 lls.;
908 1795 1000 1852 hleiht
1016 1796 1076 1851 (lies
1095 1797 1210 1867 stehen‚
1233 1814 1267 1854 so
1285 1798 1345 1853 lose

151 1892 228 1959 tque,
250 1886 321 1943 aher
338 1885 384 1941 «lie
403 1899 495 1957 ganno
513 1882 641 1954 strophe
658 1884 710 1939 hat
729 1883 795 1940 lrein
814 1889 852 1940 et

517 2190 628 2266 1044.
660 2190 719 2262 Dc
744 2187 876 2261 cadom.

151 2438 174 2484 a
195 2420 305 2485 solvat
326 2418 512 2502 harmonia,
720 2419 793 2502 ipsa
815 2439 976 2502 nunqnam
1000 2421 1137 2488 violavit

152 2521 186 2585 in
208 2520 284 2584 coeli
304 2519 491 2585 hierarchia
721 2521 912 2604 Margareta
934 2523 1030 2607 virgo
1052 2525 1116 2608 pia.

151 2631 308 2708 aregnat
332 2644 403 2690 cnm
426 2623 542 2708 sophia

151 2737 236 2794 ueta
257 2729 354 2812 virgo
375 2730 449 2812 pia,
721 2710 888 2796 olybrium
910 2711 1078 2794 refutavit,

721 2814 917 2878 consortium
943 2813 1002 2877 sed
1026 2813 1147 2878 amavit

153 2936 211 2981 ens
232 2915 354 2981 cultum
375 2915 536 2980 idolorum
647 2917 666 2980 5
721 2914 863 2998 Christi,
885 2923 1022 2980 mortem
1043 2916 1197 2981 toleravit
1303 2918 1343 2982 15

151 3039 220 3103 apuc
244 3020 339 3085 deum
362 3018 512 3100 deornm,
720 3019 911 3100 Margareta
932 3020 1028 3102 virgo
1051 3021 1115 3104 pia

151 3142 205 3187 ene
228 3122 271 3188 ad
291 3140 406 3205 rogem
425 3122 581 3187 coelorum

151 3230 217 3289 reta
238 3223 335 3305 virgo
363 3223 427 3307 pia.
722 3206 835 3273 Gloria
856 3208 898 3272 sit
916 3207 979 3273 deo
1002 3227 1099 3294 vero,

720 3311 822 3394 patri,
844 3318 922 3375 nato
943 3310 1143 3396 flaminique,

151 3433 187 3477 nn
210 3411 334 3477 Christi
354 3396 562 3496 praedicavit,
720 3415 776 3497 qui
797 3417 930 3480 vocavit
952 3415 1174 3500 Margaretam

161 3514 258 3580 tidem
282 3513 505 3594 conservavit,
626 3513 667 3577 10
718 3536 804 3582 nnnc
828 3517 870 3583 ad
893 3521 967 3584 coeli
986 3522 1145 3585 convivia.
1302 3523 1344 3586 20

151 3703 179 3758 la.
196 3719 233 3758 nn
248 3700 388 3758 hlinchen
405 3701 475 3758 clm.
494 3700 589 3755 17645.
609 3701 643 3755 rt
660 3699 760 3756 Jahrh.

153 3827 168 3878 5
186 3823 328 3882 christum
346 3838 400 3894 pro
419 3839 475 3893 quo
493 3821 641 3878 tolleravit
657 3825 788 3892 mortem,
806 3822 855 3878 lle.

343 4138 453 4214 1045.
487 4137 682 4239 Sequentia
704 4137 750 4212 de
772 4163 799 4211 s.
824 4139 1039 4238 Margarcte,

151 4359 233 4424 lctnr
256 4359 345 4424 orbis
367 4366 467 4442 totus,
722 4358 835 4424 laudat
855 4361 951 4425 turha
972 4360 1141 4443 virginalis
1305 4362 1346 4443 10

151 4483 193 4528 ns
215 4470 320 4529 coctus
342 4464 385 4528 sit
407 4463 543 4529 devotus
722 4463 817 4528 verbi
840 4481 1011 4547 sponsam,
1033 4483 1108 4528 nam
1130 4466 1190 4529 suh
1214 4465 1274 4529 alis

151 4567 230 4632 ilans
255 4567 289 4630 in
310 4565 431 4649 gaudio
607 4589 611 4598 ·
766 4572 880 4631 sancta
902 4573 978 4631 sunt
1000 4565 1126 4631 solatia.

151 4685 266 4733 norem
290 4667 504 4750 Margaretae,

163 4771 288 4837 locavit
308 4771 342 4835 jn
364 4773 474 4854 quiete
649 4773 668 4834 5
722 4754 791 4822 Ista
813 4773 935 4839 sponsa
957 4755 1071 4820 summi
1092 4756 1183 4839 regis

170 4873 306 4958 grandi,
328 4876 449 4959 passio·
724 4875 844 4940 expers
868 4866 940 4923 erat
960 4859 1054 4924 falsa
1077 4859 1176 4943 legis,

768 4958 932 5026 Christum
956 4963 1068 5027 colens
1092 4961 1269 5043 dominum5
1304 4960 1345 5025 15

151 5064 175 5129 it
196 5061 341 5147 phalanx
363 5075 595 5144 supernorum,
724 5079 820 5126 soror
842 5059 923 5128 Sion
944 5062 1084 5128 filiarum

156 5162 347 5231 conscendit
369 5162 413 5227 ad
434 5163 585 5246 polorum
725 5163 875 5229 unionem
897 5164 1059 5229 fatuarum

151 5287 164 5335 c
185 5267 265 5334 felix
286 5266 422 5352 palatia:
629 5341 631 5344 Α
764 5266 839 5332 haec
861 5267 1054 5350 contempsit
1075 5266 1246 5350 virginum
