<?xml version="1.0" encoding="UTF-8"?>
<!DOCTYPE html PUBLIC "-//W3C//DTD XHTML 1.0 Transitional//EN"
    "http://www.w3.org/TR/xhtml1/DTD/xhtml1-transitional.dtd">
<html xmlns="http://www.w3.org/1999/xhtml" xml:lang="en" lang="en">
 <head>
  <title>
</title>
<meta http-equiv="Content-Type" content="text/html;charset=utf-8" />
  <meta name='ocr-system' content='tesseract 3.04.00' />
  <meta name='ocr-capabilities' content='ocr_page ocr_carea ocr_par ocr_line ocrx_word'/>
</head>
<body>
  <div class='ocr_page' id='page_1' title='image "./lateinischehymn00monegoog/lateinischehymn00monegoog_0373.png"; bbox 0 0 3250 6517; ppageno 0'>
   <div class='ocr_carea' id='block_1_1' title="bbox 231 1103 1449 1788">
    <p class='ocr_par' dir='ltr' id='par_1_1' title="bbox 235 1103 1171 1185">
     <span class='ocr_line' id='line_1_1' title="bbox 235 1103 1171 1185; baseline 0.004 -17"><span class='ocrx_word' id='word_1_1' title='bbox 235 1110 270 1168; x_wconf 91' lang='lat' dir='ltr'><strong>et</strong></span> <span class='ocrx_word' id='word_1_2' title='bbox 291 1103 480 1185; x_wconf 78' lang='lat' dir='ltr'><strong>obsequitur</strong></span> <span class='ocrx_word' id='word_1_3' title='bbox 913 1122 974 1171; x_wconf 75' lang='lat' dir='ltr'><strong>uos</strong></span> <span class='ocrx_word' id='word_1_4' title='bbox 991 1113 1031 1171; x_wconf 85' lang='lat' dir='ltr'><strong>et</strong></span> <span class='ocrx_word' id='word_1_5' title='bbox 1050 1122 1171 1172; x_wconf 71' lang='lat' dir='ltr'><strong>acuero</strong></span> 
     </span>
    </p>

    <p class='ocr_par' dir='ltr' id='par_1_2' title="bbox 233 1205 1348 1393">
     <span class='ocr_line' id='line_1_2' title="bbox 233 1205 1286 1290; baseline 0.001 -18"><span class='ocrx_word' id='word_1_6' title='bbox 233 1207 448 1273; x_wconf 84' lang='lat' dir='ltr'><strong>incarceratae</strong></span> <span class='ocrx_word' id='word_1_7' title='bbox 912 1222 978 1269; x_wconf 88' lang='lat' dir='ltr'><strong>uon</strong></span> <span class='ocrx_word' id='word_1_8' title='bbox 1000 1205 1098 1290; x_wconf 86' lang='lat' dir='ltr'><strong>tradi,</strong></span> <span class='ocrx_word' id='word_1_9' title='bbox 1121 1207 1182 1273; x_wconf 75' lang='lat' dir='ltr'><strong>aed</strong></span> <span class='ocrx_word' id='word_1_10' title='bbox 1203 1225 1286 1273; x_wconf 82' lang='lat' dir='ltr'><strong>voro</strong></span> 
     </span>
     <span class='ocr_line' id='line_1_3' title="bbox 233 1306 1348 1393; baseline 0.004 -23"><span class='ocrx_word' id='word_1_11' title='bbox 233 1306 389 1371; x_wconf 87' lang='lat' dir='ltr'><strong>coelorum</strong></span> <span class='ocrx_word' id='word_1_12' title='bbox 413 1311 515 1369; x_wconf 84' lang='lat' dir='ltr'><strong>coetus</strong></span> <span class='ocrx_word' id='word_1_13' title='bbox 911 1306 1171 1373; x_wconf 78' lang='lat' dir='ltr'><strong>reconciliamus</strong></span> <span class='ocrx_word' id='word_1_14' title='bbox 1193 1310 1348 1393; x_wconf 75' lang='lat' dir='ltr'><strong>creatori,</strong></span> 
     </span>
    </p>

    <p class='ocr_par' dir='ltr' id='par_1_3' title="bbox 231 1407 1249 1494">
     <span class='ocr_line' id='line_1_4' title="bbox 231 1407 1249 1494; baseline 0.003 -22"><span class='ocrx_word' id='word_1_15' title='bbox 231 1409 289 1473; x_wconf 88' lang='lat' dir='ltr'><strong>tibi</strong></span> <span class='ocrx_word' id='word_1_16' title='bbox 311 1407 439 1472; x_wconf 86' lang='lat' dir='ltr'><strong>victrici</strong></span> <span class='ocrx_word' id='word_1_17' title='bbox 461 1408 584 1488; x_wconf 85' lang='lat' dir='ltr'><strong>beatae,</strong></span> <span class='ocrx_word' id='word_1_18' title='bbox 912 1410 981 1490; x_wconf 78' lang='lat' dir='ltr'><strong>tac,</strong></span> <span class='ocrx_word' id='word_1_19' title='bbox 1003 1417 1039 1475; x_wconf 90' lang='lat' dir='ltr'><strong>ut</strong></span> <span class='ocrx_word' id='word_1_20' title='bbox 1061 1411 1249 1494; x_wconf 82' lang='lat' dir='ltr'><strong>temptaturi</strong></span> 
     </span>
    </p>

    <p class='ocr_par' dir='ltr' id='par_1_4' title="bbox 231 1509 1449 1696">
     <span class='ocr_line' id='line_1_5' title="bbox 233 1509 1449 1599; baseline 0.002 -25"><span class='ocrx_word' id='word_1_21' title='bbox 233 1512 285 1575; x_wconf 90' lang='lat' dir='ltr'><strong>cui</strong></span> <span class='ocrx_word' id='word_1_22' title='bbox 309 1509 456 1574; x_wconf 89' lang='lat' dir='ltr'><strong>domiuus</strong></span> <span class='ocrx_word' id='word_1_23' title='bbox 911 1529 976 1576; x_wconf 89' lang='lat' dir='ltr'><strong>nou</strong></span> <span class='ocrx_word' id='word_1_24' title='bbox 998 1517 1263 1599; x_wconf 72' lang='lat' dir='ltr'><strong>succumbamus,</strong></span> <span class='ocrx_word' id='word_1_25' title='bbox 1418 1515 1449 1579; x_wconf 77' lang='lat' dir='ltr'><strong>o</strong></span> 
     </span>
     <span class='ocr_line' id='line_1_6' title="bbox 231 1610 1175 1696; baseline 0.008 -21"><span class='ocrx_word' id='word_1_26' title='bbox 231 1610 329 1676; x_wconf 78' lang='lat' dir='ltr'><strong>decus</strong></span> <span class='ocrx_word' id='word_1_27' title='bbox 352 1611 501 1676; x_wconf 79' lang='lat' dir='ltr'><strong>Christus</strong></span> <span class='ocrx_word' id='word_1_28' title='bbox 524 1629 688 1696; x_wconf 79' lang='lat' dir='ltr'><strong>apparens</strong></span> <span class='ocrx_word' id='word_1_29' title='bbox 910 1616 970 1681; x_wconf 80' lang='lat' dir='ltr'><strong>cod</strong></span> <span class='ocrx_word' id='word_1_30' title='bbox 991 1619 1175 1684; x_wconf 82' lang='lat' dir='ltr'><strong>nocentium</strong></span> 
     </span>
    </p>

    <p class='ocr_par' dir='ltr' id='par_1_5' title="bbox 234 1713 1287 1788">
     <span class='ocr_line' id='line_1_7' title="bbox 234 1713 1287 1788; baseline 0.01 -11"><span class='ocrx_word' id='word_1_31' title='bbox 234 1713 397 1777; x_wconf 84' lang='lat' dir='ltr'><strong>confortat</strong></span> <span class='ocrx_word' id='word_1_32' title='bbox 418 1722 451 1777; x_wconf 89' lang='lat' dir='ltr'><strong>te</strong></span> <span class='ocrx_word' id='word_1_33' title='bbox 474 1713 685 1778; x_wconf 83' lang='lat' dir='ltr'><strong>nihilomiuus.</strong></span> <span class='ocrx_word' id='word_1_34' title='bbox 750 1715 791 1778; x_wconf 87' lang='grc'><strong>56</strong></span> <span class='ocrx_word' id='word_1_35' title='bbox 910 1718 1044 1786; x_wconf 78' lang='lat' dir='ltr'><strong>incidias</strong></span> <span class='ocrx_word' id='word_1_36' title='bbox 1067 1720 1287 1788; x_wconf 77' lang='lat' dir='ltr'><strong>devincamus.</strong></span> 
     </span>
    </p>
   </div>
   <div class='ocr_carea' id='block_1_2' title="bbox 230 1877 1244 2661">
    <p class='ocr_par' dir='ltr' id='par_1_6' title="bbox 230 1877 580 2162">
     <span class='ocr_line' id='line_1_8' title="bbox 230 1877 580 1943; baseline 0 -1"><span class='ocrx_word' id='word_1_37' title='bbox 230 1877 311 1942; x_wconf 81' lang='lat' dir='ltr'><strong>Hinc</strong></span> <span class='ocrx_word' id='word_1_38' title='bbox 331 1895 451 1942; x_wconf 79' lang='lat' dir='ltr'><strong>monuo</strong></span> <span class='ocrx_word' id='word_1_39' title='bbox 471 1894 580 1943; x_wconf 81' lang='lat' dir='ltr'><strong>oerum</strong></span> 
     </span>
     <span class='ocr_line' id='line_1_9' title="bbox 234 1981 460 2046; baseline -0.004 -2"><span class='ocrx_word' id='word_1_40' title='bbox 234 1983 291 2046; x_wconf 86' lang='lat' dir='ltr'><strong>tibi</strong></span> <span class='ocrx_word' id='word_1_41' title='bbox 314 1981 460 2045; x_wconf 81' lang='lat' dir='ltr'><strong>redditur</strong></span> 
     </span>
     <span class='ocr_line' id='line_1_10' title="bbox 232 2083 456 2162; baseline 0 -17"><span class='ocrx_word' id='word_1_42' title='bbox 232 2085 358 2162; x_wconf 88' lang='lat' dir='ltr'><strong>oranti,</strong></span> <span class='ocrx_word' id='word_1_43' title='bbox 381 2083 456 2146; x_wconf 91' lang='lat' dir='ltr'><strong>dum</strong></span> 
     </span>
    </p>

    <p class='ocr_par' dir='ltr' id='par_1_7' title="bbox 233 2186 1099 2370">
     <span class='ocr_line' id='line_1_11' title="bbox 233 2186 561 2249; baseline 0 -3"><span class='ocrx_word' id='word_1_44' title='bbox 233 2203 300 2248; x_wconf 83' lang='lat' dir='ltr'><strong>vox</strong></span> <span class='ocrx_word' id='word_1_45' title='bbox 321 2187 404 2249; x_wconf 84' lang='lat' dir='ltr'><strong>coelo</strong></span> <span class='ocrx_word' id='word_1_46' title='bbox 427 2186 561 2248; x_wconf 79' lang='lat' dir='ltr'><strong>mittitur</strong></span> 
     </span>
     <span class='ocr_line' id='line_1_12' title="bbox 233 2289 1099 2370; baseline 0.006 -19"><span class='ocrx_word' id='word_1_47' title='bbox 233 2296 265 2351; x_wconf 89' lang='lat' dir='ltr'><strong>et</strong></span> <span class='ocrx_word' id='word_1_48' title='bbox 288 2289 483 2370; x_wconf 86' lang='lat' dir='ltr'><strong>promittitur</strong></span> <span class='ocrx_word' id='word_1_49' title='bbox 909 2289 1006 2355; x_wconf 82' lang='lat' dir='ltr'><strong>Soleo</strong></span> <span class='ocrx_word' id='word_1_50' title='bbox 1025 2307 1099 2369; x_wconf 81' lang='lat' dir='ltr'><strong>nos,</strong></span> 
     </span>
    </p>

    <p class='ocr_par' dir='ltr' id='par_1_8' title="bbox 233 2391 1244 2661">
     <span class='ocr_line' id='line_1_13' title="bbox 233 2391 1217 2475; baseline 0.005 -22"><span class='ocrx_word' id='word_1_51' title='bbox 233 2409 294 2474; x_wconf 91' lang='lat' dir='ltr'><strong>pro</strong></span> <span class='ocrx_word' id='word_1_52' title='bbox 318 2391 433 2472; x_wconf 91' lang='lat' dir='ltr'><strong>quibus</strong></span> <span class='ocrx_word' id='word_1_53' title='bbox 456 2408 532 2453; x_wconf 87' lang='lat' dir='ltr'><strong>oras</strong></span> <span class='ocrx_word' id='word_1_54' title='bbox 909 2392 1003 2473; x_wconf 82' lang='lat' dir='ltr'><strong>Jcso,</strong></span> <span class='ocrx_word' id='word_1_55' title='bbox 1024 2409 1084 2474; x_wconf 80' lang='lat' dir='ltr'><strong>pro</strong></span> <span class='ocrx_word' id='word_1_56' title='bbox 1105 2392 1217 2475; x_wconf 73' lang='lat' dir='ltr'><strong>ouibus</strong></span> 
     </span>
     <span class='ocr_line' id='line_1_14' title="bbox 233 2491 1244 2575; baseline 0.003 -20"><span class='ocrx_word' id='word_1_57' title='bbox 233 2495 394 2574; x_wconf 80' lang='lat' dir='ltr'><strong>solamen3</strong></span> <span class='ocrx_word' id='word_1_58' title='bbox 417 2494 528 2575; x_wconf 85' lang='lat' dir='ltr'><strong>sicque</strong></span> <span class='ocrx_word' id='word_1_59' title='bbox 908 2491 1087 2558; x_wconf 86' lang='lat' dir='ltr'><strong>Katheriua</strong></span> <span class='ocrx_word' id='word_1_60' title='bbox 1112 2501 1141 2559; x_wconf 83' lang='lat' dir='ltr'><strong>tc</strong></span> <span class='ocrx_word' id='word_1_61' title='bbox 1163 2501 1244 2562; x_wconf 82' lang='lat' dir='ltr'><strong>crot.</strong></span> 
     </span>
     <span class='ocr_line' id='line_1_15' title="bbox 233 2596 636 2661; baseline 0 -3"><span class='ocrx_word' id='word_1_62' title='bbox 233 2596 395 2661; x_wconf 85' lang='lat' dir='ltr'><strong>decollata</strong></span> <span class='ocrx_word' id='word_1_63' title='bbox 417 2596 502 2660; x_wconf 88' lang='lat' dir='ltr'><strong>lacte</strong></span> <span class='ocrx_word' id='word_1_64' title='bbox 520 2612 636 2659; x_wconf 88' lang='lat' dir='ltr'><strong>roruus</strong></span> 
     </span>
    </p>
   </div>
   <div class='ocr_carea' id='block_1_3' title="bbox 232 2699 1295 2795">
    <p class='ocr_par' dir='ltr' id='par_1_9' title="bbox 232 2699 1295 2795">
     <span class='ocr_line' id='line_1_16' title="bbox 232 2699 1295 2795; baseline 0.008 -28"><span class='ocrx_word' id='word_1_65' title='bbox 232 2701 306 2763; x_wconf 87' lang='lat' dir='ltr'><strong>hinc</strong></span> <span class='ocrx_word' id='word_1_66' title='bbox 329 2699 536 2779; x_wconf 85' lang='lat' dir='ltr'><strong>subveheris,</strong></span> <span class='ocrx_word' id='word_1_67' title='bbox 843 2715 872 2775; x_wconf 87' lang='grc'><strong>8.</strong></span> <span class='ocrx_word' id='word_1_68' title='bbox 905 2712 954 2776; x_wconf 86' lang='lat' dir='ltr'><strong>Du</strong></span> <span class='ocrx_word' id='word_1_69' title='bbox 975 2711 1091 2795; x_wconf 73' lang='lat' dir='ltr'><strong>fontem</strong></span> <span class='ocrx_word' id='word_1_70' title='bbox 1112 2712 1158 2776; x_wconf 92' lang='lat' dir='ltr'><strong>tui</strong></span> <span class='ocrx_word' id='word_1_71' title='bbox 1181 2712 1295 2776; x_wconf 79' lang='lat' dir='ltr'><strong>lateris</strong></span> 
     </span>
    </p>
   </div>
   <div class='ocr_carea' id='block_1_4' title="bbox 232 2802 1486 2993">
    <p class='ocr_par' dir='ltr' id='par_1_10' title="bbox 232 2802 1486 2993">
     <span class='ocr_line' id='line_1_17' title="bbox 233 2802 1486 2898; baseline -0.009 -15"><span class='ocrx_word' id='word_1_72' title='bbox 233 2802 488 2883; x_wconf 66' lang='lat' dir='ltr'><strong>fl⁰g⁰¹⁰f¹¹mq¹¹0</strong></span> <span class='ocrx_word' id='word_1_73' title='bbox 511 2821 608 2865; x_wconf 67' lang='lat' dir='ltr'><strong>manu</strong></span> <span class='ocrx_word' id='word_1_74' title='bbox 749 2802 790 2864; x_wconf 78' lang='lat'><strong>⁶⁰</strong></span> <span class='ocrx_word' id='word_1_75' title='bbox 909 2833 969 2878; x_wconf 86' lang='lat' dir='ltr'><strong>uos</strong></span> <span class='ocrx_word' id='word_1_76' title='bbox 992 2813 1168 2878; x_wconf 85' lang='lat' dir='ltr'><strong>emundare</strong></span> <span class='ocrx_word' id='word_1_77' title='bbox 1191 2815 1321 2898; x_wconf 85' lang='lat' dir='ltr'><strong>penitus</strong></span> <span class='ocrx_word' id='word_1_78' title='bbox 1415 2806 1486 2875; x_wconf 66' lang='lat'><strong>85¹</strong></span> 
     </span>
     <span class='ocr_line' id='line_1_18' title="bbox 232 2903 1206 2993; baseline -0.002 -26"><span class='ocrx_word' id='word_1_79' title='bbox 232 2906 264 2967; x_wconf 89' lang='lat' dir='ltr'><strong>iu</strong></span> <span class='ocrx_word' id='word_1_80' title='bbox 288 2913 396 2969; x_wconf 89' lang='lat' dir='ltr'><strong>moute</strong></span> <span class='ocrx_word' id='word_1_81' title='bbox 419 2903 511 2988; x_wconf 77' lang='lat' dir='ltr'><strong>Syna</strong></span> <span class='ocrx_word' id='word_1_82' title='bbox 533 2905 716 2988; x_wconf 88' lang='lat' dir='ltr'><strong>deponeris.</strong></span> <span class='ocrx_word' id='word_1_83' title='bbox 909 2917 1024 2982; x_wconf 67' lang='lat' dir='ltr'><strong>alabe</strong></span> <span class='ocrx_word' id='word_1_84' title='bbox 1047 2916 1206 2993; x_wconf 51' lang='lat' dir='ltr'><strong>crimini„</strong></span> 
     </span>
    </p>
   </div>
   <div class='ocr_carea' id='block_1_5' title="bbox 846 1932 1068 1999">
    <p class='ocr_par' dir='ltr' id='par_1_11' title="bbox 846 1932 1068 1999">
     <span class='ocr_line' id='line_1_19' title="bbox 846 1932 1068 1999; baseline 0.018 -4"><span class='ocrx_word' id='word_1_85' title='bbox 846 1934 875 1995; x_wconf 80' lang='lat'><strong>7.</strong></span> <span class='ocrx_word' id='word_1_86' title='bbox 906 1932 990 1999; x_wconf 76' lang='lat' dir='ltr'><strong>Audi</strong></span> <span class='ocrx_word' id='word_1_87' title='bbox 1009 1950 1068 1998; x_wconf 81' lang='lat' dir='ltr'><strong>noa</strong></span> 
     </span>
    </p>
   </div>
   <div class='ocr_carea' id='block_1_6' title="bbox 910 2036 1449 2221">
    <p class='ocr_par' dir='ltr' id='par_1_12' title="bbox 910 2036 1449 2221">
     <span class='ocr_line' id='line_1_20' title="bbox 911 2036 1205 2102; baseline 0.003 -2"><span class='ocrx_word' id='word_1_88' title='bbox 911 2054 987 2100; x_wconf 81' lang='lat' dir='ltr'><strong>oum</strong></span> <span class='ocrx_word' id='word_1_89' title='bbox 1008 2043 1039 2102; x_wconf 82' lang='lat' dir='ltr'><strong>tc</strong></span> <span class='ocrx_word' id='word_1_90' title='bbox 1057 2036 1205 2101; x_wconf 82' lang='lat' dir='ltr'><strong>dominus</strong></span> 
     </span>
     <span class='ocr_line' id='line_1_21' title="bbox 910 2136 1449 2221; baseline 0.002 -20"><span class='ocrx_word' id='word_1_91' title='bbox 910 2154 1063 2220; x_wconf 82' lang='lat' dir='ltr'><strong>sponsum</strong></span> <span class='ocrx_word' id='word_1_92' title='bbox 1086 2155 1178 2202; x_wconf 76' lang='lat' dir='ltr'><strong>sumu</strong></span> <span class='ocrx_word' id='word_1_93' title='bbox 1199 2139 1355 2221; x_wconf 85' lang='lat' dir='ltr'><strong>honorat3</strong></span> <span class='ocrx_word' id='word_1_94' title='bbox 1417 2136 1449 2202; x_wconf 81' lang='grc'><strong>86</strong></span> 
     </span>
    </p>
   </div>
   <div class='ocr_carea' id='block_1_7' title="bbox 907 3070 1349 3341">
    <p class='ocr_par' dir='ltr' id='par_1_13' title="bbox 907 3070 1349 3341">
     <span class='ocr_line' id='line_1_22' title="bbox 912 3070 1349 3154; baseline 0 -18"><span class='ocrx_word' id='word_1_95' title='bbox 912 3073 978 3153; x_wconf 79' lang='lat' dir='ltr'><strong>Quo</strong></span> <span class='ocrx_word' id='word_1_96' title='bbox 1001 3071 1115 3135; x_wconf 78' lang='lat' dir='ltr'><strong>doceto</strong></span> <span class='ocrx_word' id='word_1_97' title='bbox 1137 3070 1349 3154; x_wconf 69' lang='lat' dir='ltr'><strong>indulgentie</strong></span> 
     </span>
     <span class='ocr_line' id='line_1_23' title="bbox 909 3173 1301 3239; baseline 0.003 -1"><span class='ocrx_word' id='word_1_98' title='bbox 909 3174 1063 3238; x_wconf 84' lang='lat' dir='ltr'><strong>ducamur</strong></span> <span class='ocrx_word' id='word_1_99' title='bbox 1087 3173 1128 3237; x_wconf 86' lang='lat' dir='ltr'><strong>ad</strong></span> <span class='ocrx_word' id='word_1_100' title='bbox 1152 3174 1301 3239; x_wconf 79' lang='lat' dir='ltr'><strong>coelestia</strong></span> 
     </span>
     <span class='ocr_line' id='line_1_24' title="bbox 907 3276 1213 3341; baseline -0.003 -1"><span class='ocrx_word' id='word_1_101' title='bbox 907 3297 1002 3340; x_wconf 84' lang='lat' dir='ltr'><strong>manu</strong></span> <span class='ocrx_word' id='word_1_102' title='bbox 1024 3276 1213 3341; x_wconf 80' lang='lat' dir='ltr'><strong>clementiae.</strong></span> 
     </span>
    </p>
   </div>
   <div class='ocr_carea' id='block_1_8' title="bbox 166 3119 788 3907">
    <p class='ocr_par' dir='ltr' id='par_1_14' title="bbox 166 3119 788 3907">
     <span class='ocr_line' id='line_1_25' title="bbox 166 3119 545 3202; baseline -0.011 -18"><span class='ocrx_word' id='word_1_103' title='bbox 166 3123 196 3183; x_wconf 88' lang='lat' dir='ltr'><strong>c.</strong></span> <span class='ocrx_word' id='word_1_104' title='bbox 229 3119 445 3202; x_wconf 66' lang='lat' dir='ltr'><strong>ductantem,</strong></span> <span class='ocrx_word' id='word_1_105' title='bbox 468 3119 545 3181; x_wconf 87' lang='lat' dir='ltr'><strong>viva</strong></span> 
     </span>
     <span class='ocr_line' id='line_1_26' title="bbox 234 3222 495 3306; baseline -0.004 -20"><span class='ocrx_word' id='word_1_106' title='bbox 234 3242 327 3306; x_wconf 87' lang='lat' dir='ltr'><strong>quem</strong></span> <span class='ocrx_word' id='word_1_107' title='bbox 352 3233 385 3286; x_wconf 88' lang='lat' dir='ltr'><strong>ut</strong></span> <span class='ocrx_word' id='word_1_108' title='bbox 409 3222 495 3285; x_wconf 82' lang='lat' dir='ltr'><strong>oliva</strong></span> 
     </span>
     <span class='ocr_line' id='line_1_27' title="bbox 231 3325 583 3402; baseline 0 -15"><span class='ocrx_word' id='word_1_109' title='bbox 231 3326 351 3402; x_wconf 79' lang='lat' dir='ltr'><strong>fundis,</strong></span> <span class='ocrx_word' id='word_1_110' title='bbox 375 3325 446 3389; x_wconf 81' lang='lat' dir='ltr'><strong>haec</strong></span> <span class='ocrx_word' id='word_1_111' title='bbox 468 3325 583 3390; x_wconf 85' lang='lat' dir='ltr'><strong>laesiva</strong></span> 
     </span>
     <span class='ocr_line' id='line_1_28' title="bbox 231 3430 788 3512; baseline -0.004 -20"><span class='ocrx_word' id='word_1_112' title='bbox 231 3430 585 3512; x_wconf 86' lang='lat' dir='ltr'><strong>peccatorumvuluera</strong></span> <span class='ocrx_word' id='word_1_113' title='bbox 600 3448 724 3512; x_wconf 86' lang='lat' dir='ltr'><strong>curare,</strong></span> <span class='ocrx_word' id='word_1_114' title='bbox 749 3431 788 3491; x_wconf 91' lang='grc'><strong>65</strong></span> 
     </span>
     <span class='ocr_line' id='line_1_29' title="bbox 232 3532 539 3614; baseline 0.003 -20"><span class='ocrx_word' id='word_1_115' title='bbox 232 3549 357 3613; x_wconf 85' lang='lat' dir='ltr'><strong>nosque</strong></span> <span class='ocrx_word' id='word_1_116' title='bbox 381 3532 539 3614; x_wconf 87' lang='lat' dir='ltr'><strong>solidare,</strong></span> 
     </span>
     <span class='ocr_line' id='line_1_30' title="bbox 235 3654 504 3720; baseline 0 -22"><span class='ocrx_word' id='word_1_117' title='bbox 235 3656 276 3698; x_wconf 90' lang='lat' dir='ltr'><strong>ne</strong></span> <span class='ocrx_word' id='word_1_118' title='bbox 300 3654 504 3720; x_wconf 85' lang='lat' dir='ltr'><strong>superemur,</strong></span> 
     </span>
     <span class='ocr_line' id='line_1_31' title="bbox 233 3738 576 3822; baseline 0.003 -22"><span class='ocrx_word' id='word_1_119' title='bbox 233 3738 292 3801; x_wconf 91' lang='lat' dir='ltr'><strong>sed</strong></span> <span class='ocrx_word' id='word_1_120' title='bbox 315 3748 390 3822; x_wconf 89' lang='lat' dir='ltr'><strong>post</strong></span> <span class='ocrx_word' id='word_1_121' title='bbox 413 3740 576 3803; x_wconf 87' lang='lat' dir='ltr'><strong>criminum</strong></span> 
     </span>
     <span class='ocr_line' id='line_1_32' title="bbox 233 3843 624 3907; baseline 0.008 -4"><span class='ocrx_word' id='word_1_122' title='bbox 233 3843 400 3906; x_wconf 81' lang='lat' dir='ltr'><strong>victoriam</strong></span> <span class='ocrx_word' id='word_1_123' title='bbox 424 3860 624 3907; x_wconf 87' lang='lat' dir='ltr'><strong>coronemur.</strong></span> 
     </span>
    </p>
   </div>
   <div class='ocr_carea' id='block_1_9' title="bbox 231 3489 1447 4086">
    <p class='ocr_par' dir='ltr' id='par_1_15' title="bbox 231 3489 1447 4086">
     <span class='ocr_line' id='line_1_33' title="bbox 842 3489 1446 3557; baseline -0.007 -1"><span class='ocrx_word' id='word_1_124' title='bbox 842 3495 872 3556; x_wconf 87' lang='grc'><strong>9.</strong></span> <span class='ocrx_word' id='word_1_125' title='bbox 906 3492 1136 3557; x_wconf 76' lang='lat' dir='ltr'><strong>Christianismi</strong></span> <span class='ocrx_word' id='word_1_126' title='bbox 1158 3492 1277 3557; x_wconf 88' lang='lat' dir='ltr'><strong>donum</strong></span> <span class='ocrx_word' id='word_1_127' title='bbox 1416 3489 1446 3552; x_wconf 81' lang='lat' dir='ltr'><strong>to</strong></span> 
     </span>
     <span class='ocr_line' id='line_1_34' title="bbox 906 3595 1181 3659; baseline 0 -2"><span class='ocrx_word' id='word_1_128' title='bbox 906 3595 959 3658; x_wconf 79' lang='lat' dir='ltr'><strong>sao</strong></span> <span class='ocrx_word' id='word_1_129' title='bbox 981 3613 1041 3659; x_wconf 86' lang='lat' dir='ltr'><strong>uos</strong></span> <span class='ocrx_word' id='word_1_130' title='bbox 1065 3597 1181 3659; x_wconf 90' lang='lat' dir='ltr'><strong>bonum</strong></span> 
     </span>
     <span class='ocr_line' id='line_1_35' title="bbox 907 3696 1071 3760; baseline -0.006 0"><span class='ocrx_word' id='word_1_131' title='bbox 907 3696 1071 3760; x_wconf 88' lang='lat' dir='ltr'><strong>custodiro</strong></span> 
     </span>
     <span class='ocr_line' id='line_1_36' title="bbox 908 3799 1204 3882; baseline 0.007 -21"><span class='ocrx_word' id='word_1_132' title='bbox 908 3808 1004 3879; x_wconf 85' lang='lat' dir='ltr'><strong>teque</strong></span> <span class='ocrx_word' id='word_1_133' title='bbox 1027 3799 1074 3863; x_wconf 86' lang='lat' dir='ltr'><strong>sic</strong></span> <span class='ocrx_word' id='word_1_134' title='bbox 1097 3800 1204 3882; x_wconf 85' lang='lat' dir='ltr'><strong>sitire,</strong></span> 
     </span>
     <span class='ocr_line' id='line_1_37' title="bbox 907 3904 1393 3986; baseline 0.006 -20"><span class='ocrx_word' id='word_1_135' title='bbox 907 3910 942 3967; x_wconf 94' lang='lat' dir='ltr'><strong>ut</strong></span> <span class='ocrx_word' id='word_1_136' title='bbox 964 3923 1143 3967; x_wconf 86' lang='lat' dir='ltr'><strong>mereamur</strong></span> <span class='ocrx_word' id='word_1_137' title='bbox 1166 3913 1241 3986; x_wconf 84' lang='lat' dir='ltr'><strong>post</strong></span> <span class='ocrx_word' id='word_1_138' title='bbox 1264 3904 1393 3969; x_wconf 82' lang='lat' dir='ltr'><strong>exilium</strong></span> 
     </span>
     <span class='ocr_line' id='line_1_38' title="bbox 231 4000 1447 4086; baseline -0.003 -18"><span class='ocrx_word' id='word_1_139' title='bbox 231 4004 295 4070; x_wconf 83' lang='lat' dir='ltr'><strong>Fac</strong></span> <span class='ocrx_word' id='word_1_140' title='bbox 317 4009 383 4086; x_wconf 76' lang='lat' dir='ltr'><strong>ioci</strong></span> <span class='ocrx_word' id='word_1_141' title='bbox 404 4006 476 4069; x_wconf 80' lang='lat' dir='ltr'><strong>tero</strong></span> <span class='ocrx_word' id='word_1_142' title='bbox 749 4007 789 4069; x_wconf 80' lang='lat' dir='ltr'><strong>to</strong></span> <span class='ocrx_word' id='word_1_143' title='bbox 908 4013 1020 4067; x_wconf 83' lang='lat' dir='ltr'><strong>auctor</strong></span> <span class='ocrx_word' id='word_1_144' title='bbox 1043 4003 1085 4067; x_wconf 84' lang='lat' dir='ltr'><strong>ad</strong></span> <span class='ocrx_word' id='word_1_145' title='bbox 1107 4011 1139 4067; x_wconf 87' lang='lat' dir='ltr'><strong>te</strong></span> <span class='ocrx_word' id='word_1_146' title='bbox 1163 4007 1312 4071; x_wconf 83' lang='lat' dir='ltr'><strong>transire.</strong></span> <span class='ocrx_word' id='word_1_147' title='bbox 1419 4000 1447 4064; x_wconf 80' lang='grc'><strong>95</strong></span> 
     </span>
    </p>
   </div>
   <div class='ocr_carea' id='block_1_10' title="bbox 163 4242 1452 4750">
    <p class='ocr_par' dir='ltr' id='par_1_16' title="bbox 163 4242 1452 4750">
     <span class='ocr_line' id='line_1_39' title="bbox 251 4242 1448 4317; baseline 0.001 -19"><span class='ocrx_word' id='word_1_148' title='bbox 251 4244 299 4298; x_wconf 78' lang='lat' dir='ltr'><strong>Hs.</strong></span> <span class='ocrx_word' id='word_1_149' title='bbox 321 4262 356 4299; x_wconf 83' lang='lat' dir='ltr'><strong>zu</strong></span> <span class='ocrx_word' id='word_1_150' title='bbox 383 4245 412 4300; x_wconf 86' lang='lat' dir='ltr'><strong>S.</strong></span> <span class='ocrx_word' id='word_1_151' title='bbox 430 4244 501 4298; x_wconf 83' lang='lat' dir='ltr'><strong>Paul</strong></span> <span class='ocrx_word' id='word_1_152' title='bbox 521 4244 549 4298; x_wconf 90' lang='lat' dir='ltr'><strong>iu</strong></span> <span class='ocrx_word' id='word_1_153' title='bbox 568 4244 695 4299; x_wconf 75' lang='lat' dir='ltr'><strong>Kiruteu</strong></span> <span class='ocrx_word' id='word_1_154' title='bbox 720 4243 771 4299; x_wconf 90' lang='lat' dir='ltr'><strong>No.</strong></span> <span class='ocrx_word' id='word_1_155' title='bbox 788 4245 832 4299; x_wconf 78' lang='grc'><strong>48.</strong></span> <span class='ocrx_word' id='word_1_156' title='bbox 858 4247 892 4298; x_wconf 75' lang='lat' dir='ltr'><strong>tt</strong></span> <span class='ocrx_word' id='word_1_157' title='bbox 907 4244 1005 4299; x_wconf 82' lang='lat' dir='ltr'><strong>Jahru.</strong></span> <span class='ocrx_word' id='word_1_158' title='bbox 1031 4243 1082 4297; x_wconf 89' lang='lat' dir='ltr'><strong>mit</strong></span> <span class='ocrx_word' id='word_1_159' title='bbox 1099 4242 1149 4296; x_wconf 89' lang='lat' dir='ltr'><strong>der</strong></span> <span class='ocrx_word' id='word_1_160' title='bbox 1166 4243 1289 4299; x_wconf 77' lang='lat' dir='ltr'><strong>ltelodia</strong></span> <span class='ocrx_word' id='word_1_161' title='bbox 1316 4247 1381 4317; x_wconf 72' lang='grc' dir='ltr'><strong>(Δ)</strong></span> <span class='ocrx_word' id='word_1_162' title='bbox 1413 4243 1448 4299; x_wconf 73' lang='lat' dir='ltr'><strong>lit</strong></span> 
     </span>
     <span class='ocr_line' id='line_1_40' title="bbox 166 4326 1450 4405; baseline 0 -20"><span class='ocrx_word' id='word_1_163' title='bbox 166 4349 200 4387; x_wconf 80' lang='lat' dir='ltr'><strong>uu</strong></span> <span class='ocrx_word' id='word_1_164' title='bbox 219 4332 249 4387; x_wconf 87' lang='lat' dir='ltr'><strong>S.</strong></span> <span class='ocrx_word' id='word_1_165' title='bbox 268 4332 352 4386; x_wconf 88' lang='lat' dir='ltr'><strong>Peter</strong></span> <span class='ocrx_word' id='word_1_166' title='bbox 371 4333 400 4386; x_wconf 91' lang='lat' dir='ltr'><strong>in</strong></span> <span class='ocrx_word' id='word_1_167' title='bbox 418 4332 560 4403; x_wconf 78' lang='lat' dir='ltr'><strong>Salaburg</strong></span> <span class='ocrx_word' id='word_1_168' title='bbox 579 4332 635 4399; x_wconf 82' lang='lat' dir='ltr'><strong>vlt,</strong></span> <span class='ocrx_word' id='word_1_169' title='bbox 654 4335 679 4387; x_wconf 81' lang='lat'><strong>2.</strong></span> <span class='ocrx_word' id='word_1_170' title='bbox 699 4334 732 4385; x_wconf 89' lang='grc'><strong>15</strong></span> <span class='ocrx_word' id='word_1_171' title='bbox 750 4331 849 4386; x_wconf 82' lang='lat' dir='ltr'><strong>Jahrb.</strong></span> <span class='ocrx_word' id='word_1_172' title='bbox 869 4332 918 4387; x_wconf 85' lang='lat' dir='ltr'><strong>mit</strong></span> <span class='ocrx_word' id='word_1_173' title='bbox 935 4332 986 4384; x_wconf 88' lang='lat' dir='ltr'><strong>der</strong></span> <span class='ocrx_word' id='word_1_174' title='bbox 1000 4330 1119 4385; x_wconf 83' lang='lat' dir='ltr'><strong>Melodio</strong></span> <span class='ocrx_word' id='word_1_175' title='bbox 1138 4333 1200 4401; x_wconf 91' lang='lat' dir='ltr'>(B).</span> <span class='ocrx_word' id='word_1_176' title='bbox 1234 4326 1320 4388; x_wconf 79' lang='lat' dir='ltr'><strong>D&#39;ieae</strong></span> <span class='ocrx_word' id='word_1_177' title='bbox 1338 4332 1450 4405; x_wconf 72' lang='lat' dir='ltr'><strong>Sequor!</strong></span> 
     </span>
     <span class='ocr_line' id='line_1_41' title="bbox 163 4416 1450 4490; baseline 0.001 -17"><span class='ocrx_word' id='word_1_178' title='bbox 163 4421 203 4474; x_wconf 88' lang='lat' dir='ltr'><strong>ist</strong></span> <span class='ocrx_word' id='word_1_179' title='bbox 222 4419 284 4473; x_wconf 78' lang='lat' dir='ltr'><strong>eine</strong></span> <span class='ocrx_word' id='word_1_180' title='bbox 303 4420 522 4490; x_wconf 83' lang='lat' dir='ltr'><strong>Uebertragung</strong></span> <span class='ocrx_word' id='word_1_181' title='bbox 540 4419 588 4473; x_wconf 81' lang='lat' dir='ltr'><strong>des</strong></span> <span class='ocrx_word' id='word_1_182' title='bbox 607 4419 803 4474; x_wconf 82' lang='lat' dir='ltr'><strong>Marieuliedea</strong></span> <span class='ocrx_word' id='word_1_183' title='bbox 827 4422 882 4475; x_wconf 81' lang='lat' dir='ltr'><strong>Ace</strong></span> <span class='ocrx_word' id='word_1_184' title='bbox 896 4423 1029 4490; x_wconf 76' lang='lat' dir='ltr'><strong>preclaro</strong></span> <span class='ocrx_word' id='word_1_185' title='bbox 1052 4419 1119 4488; x_wconf 91' lang='lat' dir='ltr'><strong>(No.</strong></span> <span class='ocrx_word' id='word_1_186' title='bbox 1138 4421 1207 4488; x_wconf 89' lang='grc'>555)</span> <span class='ocrx_word' id='word_1_187' title='bbox 1232 4416 1287 4474; x_wconf 80' lang='lat' dir='ltr'><strong>auf</strong></span> <span class='ocrx_word' id='word_1_188' title='bbox 1300 4418 1346 4475; x_wconf 72' lang='lat' dir='ltr'><strong>die</strong></span> <span class='ocrx_word' id='word_1_189' title='bbox 1363 4419 1450 4474; x_wconf 79' lang='lat' dir='ltr'><strong>h.&#39;Kt·</strong></span> 
     </span>
     <span class='ocr_line' id='line_1_42' title="bbox 164 4504 1450 4577; baseline -0.002 -17"><span class='ocrx_word' id='word_1_190' title='bbox 164 4504 289 4571; x_wconf 84' lang='lat' dir='ltr'><strong>theriua,</strong></span> <span class='ocrx_word' id='word_1_191' title='bbox 310 4506 365 4560; x_wconf 87' lang='lat' dir='ltr'><strong>uud</strong></span> <span class='ocrx_word' id='word_1_192' title='bbox 385 4504 516 4574; x_wconf 83' lang='lat' dir='ltr'><strong>obgleich</strong></span> <span class='ocrx_word' id='word_1_193' title='bbox 535 4521 565 4557; x_wconf 89' lang='lat' dir='ltr'><strong>es</strong></span> <span class='ocrx_word' id='word_1_194' title='bbox 584 4505 782 4577; x_wconf 77' lang='lat' dir='ltr'><strong>durchg’a&#39;ngig</strong></span> <span class='ocrx_word' id='word_1_195' title='bbox 800 4505 921 4576; x_wconf 80' lang='lat' dir='ltr'><strong>gereimt</strong></span> <span class='ocrx_word' id='word_1_196' title='bbox 939 4507 1045 4574; x_wconf 85' lang='lat' dir='ltr'><strong>wurde,</strong></span> <span class='ocrx_word' id='word_1_197' title='bbox 1070 4523 1104 4561; x_wconf 84' lang='lat' dir='ltr'><strong>so</strong></span> <span class='ocrx_word' id='word_1_198' title='bbox 1122 4505 1172 4560; x_wconf 82' lang='lat' dir='ltr'><strong>hat</strong></span> <span class='ocrx_word' id='word_1_199' title='bbox 1187 4521 1221 4560; x_wconf 80' lang='lat' dir='ltr'><strong>ac</strong></span> <span class='ocrx_word' id='word_1_200' title='bbox 1241 4506 1270 4561; x_wconf 85' lang='lat' dir='ltr'><strong>iu</strong></span> <span class='ocrx_word' id='word_1_201' title='bbox 1289 4506 1343 4562; x_wconf 84' lang='lat' dir='ltr'><strong>der</strong></span> <span class='ocrx_word' id='word_1_202' title='bbox 1358 4505 1450 4567; x_wconf 71' lang='lat' dir='ltr'><strong>Beber-</strong></span> 
     </span>
     <span class='ocr_line' id='line_1_43' title="bbox 163 4590 1452 4663; baseline 0.003 -18"><span class='ocrx_word' id='word_1_203' title='bbox 163 4591 313 4663; x_wconf 83' lang='lat' dir='ltr'><strong>arbeituug</strong></span> <span class='ocrx_word' id='word_1_204' title='bbox 339 4590 411 4645; x_wconf 86' lang='lat' dir='ltr'><strong>doch</strong></span> <span class='ocrx_word' id='word_1_205' title='bbox 430 4590 483 4643; x_wconf 85' lang='lat' dir='ltr'><strong>dio·</strong></span> <span class='ocrx_word' id='word_1_206' title='bbox 491 4591 576 4645; x_wconf 88' lang='lat' dir='ltr'><strong>Form</strong></span> <span class='ocrx_word' id='word_1_207' title='bbox 595 4591 645 4646; x_wconf 87' lang='lat' dir='ltr'><strong>der</strong></span> <span class='ocrx_word' id='word_1_208' title='bbox 663 4592 823 4662; x_wconf 77' lang='lat' dir='ltr'><strong>Troparicn</strong></span> <span class='ocrx_word' id='word_1_209' title='bbox 841 4592 918 4646; x_wconf 86' lang='lat' dir='ltr'><strong>nicht</strong></span> <span class='ocrx_word' id='word_1_210' title='bbox 934 4592 1068 4646; x_wconf 79' lang='lat' dir='ltr'><strong>verlorea</strong></span> <span class='ocrx_word' id='word_1_211' title='bbox 1093 4591 1148 4645; x_wconf 88' lang='lat' dir='ltr'><strong>und</strong></span> <span class='ocrx_word' id='word_1_212' title='bbox 1171 4591 1209 4646; x_wconf 84' lang='lat' dir='ltr'><strong>iat</strong></span> <span class='ocrx_word' id='word_1_213' title='bbox 1231 4592 1282 4647; x_wconf 89' lang='lat' dir='ltr'><strong>mit</strong></span> <span class='ocrx_word' id='word_1_214' title='bbox 1305 4593 1396 4651; x_wconf 78' lang='lat' dir='ltr'><strong>vidua·</strong></span> <span class='ocrx_word' id='word_1_215' title='bbox 1410 4591 1452 4649; x_wconf 82' lang='lat' dir='ltr'><strong>Gt·</strong></span> 
     </span>
     <span class='ocr_line' id='line_1_44' title="bbox 166 4678 479 4750; baseline 0.003 -18"><span class='ocrx_word' id='word_1_216' title='bbox 166 4678 323 4733; x_wconf 82' lang='lat' dir='ltr'><strong>waudtheit</strong></span> <span class='ocrx_word' id='word_1_217' title='bbox 341 4678 479 4750; x_wconf 77' lang='lat' dir='ltr'><strong>gemacht.</strong></span> 
     </span>
    </p>
   </div>
   <div class='ocr_carea' id='block_1_11' title="bbox 163 4850 1453 5083">
    <p class='ocr_par' dir='ltr' id='par_1_17' title="bbox 163 4850 1453 5083">
     <span class='ocr_line' id='line_1_45' title="bbox 253 4850 1453 4922; baseline 0.005 -21"><span class='ocrx_word' id='word_1_218' title='bbox 253 4850 287 4902; x_wconf 83' lang='grc'><strong>16</strong></span> <span class='ocrx_word' id='word_1_219' title='bbox 305 4850 388 4920; x_wconf 87' lang='lat' dir='ltr'><strong>culpa</strong></span> <span class='ocrx_word' id='word_1_220' title='bbox 407 4852 438 4905; x_wconf 83' lang='grc' dir='ltr'><strong>Α.</strong></span> <span class='ocrx_word' id='word_1_221' title='bbox 475 4853 510 4905; x_wconf 87' lang='grc'><strong>36</strong></span> <span class='ocrx_word' id='word_1_222' title='bbox 528 4858 682 4907; x_wconf 78' lang='lat' dir='ltr'><strong>terrentem</strong></span> <span class='ocrx_word' id='word_1_223' title='bbox 702 4853 732 4906; x_wconf 88' lang='lat' dir='ltr'><strong>B.</strong></span> <span class='ocrx_word' id='word_1_224' title='bbox 768 4851 945 4922; x_wconf 65' lang='lat' dir='ltr'><strong>cogentium</strong></span> <span class='ocrx_word' id='word_1_225' title='bbox 964 4852 1021 4918; x_wconf 78' lang='lat' dir='ltr'><strong>AB,</strong></span> <span class='ocrx_word' id='word_1_226' title='bbox 1040 4850 1453 4922; x_wconf 78' lang='lat' dir='ltr'><strong>gegeuVersmaccundSiua</strong></span> 
     </span>
     <span class='ocr_line' id='line_1_46' title="bbox 164 4934 1453 5009; baseline 0.003 -18"><span class='ocrx_word' id='word_1_227' title='bbox 164 4939 199 4991; x_wconf 79' lang='grc'><strong>53</strong></span> <span class='ocrx_word' id='word_1_228' title='bbox 227 4936 290 4991; x_wconf 90' lang='lat' dir='ltr'><strong>dum</strong></span> <span class='ocrx_word' id='word_1_229' title='bbox 319 4934 391 4992; x_wconf 85' lang='lat' dir='ltr'><strong>fehlt</strong></span> <span class='ocrx_word' id='word_1_230' title='bbox 415 4940 447 4993; x_wconf 83' lang='grc' dir='ltr'><strong>Α.</strong></span> <span class='ocrx_word' id='word_1_231' title='bbox 501 4941 536 4993; x_wconf 76' lang='lat' dir='ltr'><strong>ct</strong></span> <span class='ocrx_word' id='word_1_232' title='bbox 555 4937 655 4994; x_wconf 76' lang='lat' dir='ltr'><strong>fundas</strong></span> <span class='ocrx_word' id='word_1_233' title='bbox 673 4941 703 4995; x_wconf 75' lang='lat' dir='ltr'><strong>c</strong></span> <span class='ocrx_word' id='word_1_234' title='bbox 757 4940 799 4994; x_wconf 93' lang='grc'><strong>68.</strong></span> <span class='ocrx_word' id='word_1_235' title='bbox 818 4939 853 4992; x_wconf 89' lang='grc'><strong>69</strong></span> <span class='ocrx_word' id='word_1_236' title='bbox 883 4939 1020 5009; x_wconf 75' lang='lat' dir='ltr'><strong>posthoc</strong></span> <span class='ocrx_word' id='word_1_237' title='bbox 1039 4939 1213 4994; x_wconf 78' lang='lat' dir='ltr'><strong>tuiincidias</strong></span> <span class='ocrx_word' id='word_1_238' title='bbox 1232 4939 1453 4998; x_wconf 72' lang='lat' dir='ltr'><strong>devincamuad.</strong></span> 
     </span>
     <span class='ocr_line' id='line_1_47' title="bbox 163 5024 622 5083; baseline 0.004 -5"><span class='ocrx_word' id='word_1_239' title='bbox 163 5024 198 5078; x_wconf 90' lang='grc'><strong>86</strong></span> <span class='ocrx_word' id='word_1_240' title='bbox 216 5024 334 5079; x_wconf 77' lang='lat' dir='ltr'><strong>sceleris</strong></span> <span class='ocrx_word' id='word_1_241' title='bbox 353 5025 382 5079; x_wconf 88' lang='lat' dir='ltr'><strong>B.</strong></span> <span class='ocrx_word' id='word_1_242' title='bbox 418 5027 451 5080; x_wconf 73' lang='lat'><strong>87</strong></span> <span class='ocrx_word' id='word_1_243' title='bbox 470 5027 572 5082; x_wconf 82' lang='lat' dir='ltr'><strong>hausto</strong></span> <span class='ocrx_word' id='word_1_244' title='bbox 591 5029 622 5083; x_wconf 90' lang='lat' dir='ltr'><strong>B.</strong></span> 
     </span>
    </p>
   </div>
   <div class='ocr_carea' id='block_1_12' title="bbox 163 5205 1456 5366">
    <p class='ocr_par' dir='ltr' id='par_1_18' title="bbox 163 5205 1456 5366">
     <span class='ocr_line' id='line_1_48' title="bbox 249 5205 1456 5280; baseline 0.004 -22"><span class='ocrx_word' id='word_1_245' title='bbox 249 5205 282 5260; x_wconf 78' lang='lat' dir='ltr'><strong>V.</strong></span> <span class='ocrx_word' id='word_1_246' title='bbox 302 5208 414 5262; x_wconf 80' lang='grc'>85-86.</span> <span class='ocrx_word' id='word_1_247' title='bbox 442 5205 506 5263; x_wconf 81' lang='lat' dir='ltr'><strong>fons</strong></span> <span class='ocrx_word' id='word_1_248' title='bbox 525 5207 631 5263; x_wconf 84' lang='lat' dir='ltr'><strong>lateris.</strong></span> <span class='ocrx_word' id='word_1_249' title='bbox 667 5207 803 5263; x_wconf 80' lang='lat' dir='ltr'><strong>Dercelbo</strong></span> <span class='ocrx_word' id='word_1_250' title='bbox 822 5207 973 5262; x_wconf 79' lang='lat' dir='ltr'><strong>Gadankeu</strong></span> <span class='ocrx_word' id='word_1_251' title='bbox 992 5206 1030 5261; x_wconf 87' lang='lat' dir='ltr'><strong>ist</strong></span> <span class='ocrx_word' id='word_1_252' title='bbox 1047 5205 1076 5261; x_wconf 89' lang='lat' dir='ltr'><strong>iu</strong></span> <span class='ocrx_word' id='word_1_253' title='bbox 1094 5207 1147 5262; x_wconf 87' lang='lat' dir='ltr'><strong>No.</strong></span> <span class='ocrx_word' id='word_1_254' title='bbox 1165 5208 1227 5278; x_wconf 72' lang='grc'><strong>168,</strong></span> <span class='ocrx_word' id='word_1_255' title='bbox 1246 5208 1337 5265; x_wconf 79' lang='grc'><strong>9-10</strong></span> <span class='ocrx_word' id='word_1_256' title='bbox 1363 5222 1456 5280; x_wconf 70' lang='lat' dir='ltr'><strong>auge·</strong></span> 
     </span>
     <span class='ocr_line' id='line_1_49' title="bbox 163 5290 602 5366; baseline 0.011 -22"><span class='ocrx_word' id='word_1_257' title='bbox 163 5290 271 5348; x_wconf 78' lang='lat' dir='ltr'><strong>druickt.</strong></span> <span class='ocrx_word' id='word_1_258' title='bbox 300 5292 602 5366; x_wconf 70' lang='lat' dir='ltr'><strong>Vgl.Apocal.&#39;t,1t.</strong></span> 
     </span>
    </p>
   </div>
   <div class='ocr_carea' id='block_1_13' title="bbox 0 0 1630 6517">
    <p class='ocr_par' dir='ltr' id='par_1_19' title="bbox 0 0 1630 6517">
     <span class='ocr_line' id='line_1_50' title="bbox 0 0 1630 6517; baseline 0 0"><span class='ocrx_word' id='word_1_259' title='bbox 0 0 1630 6517; x_wconf 95' lang='lat' dir='ltr'><strong> </strong></span> 
     </span>
    </p>
   </div>
  </div>
 </body>
</html>
