3250 6517
463 1275 573 1354 1035.
604 1277 664 1348 lle
690 1301 730 1347 s·
744 1270 945 1349 menardo.
978 1272 1171 1373 sequeutia.

165 1515 201 1580 lu
224 1514 373 1598 supernis
395 1514 580 1579 resonando
839 1513 900 1578 llic
922 1513 1037 1594 regale
1059 1520 1222 1597 spernens
1240 1513 1328 1578 letus
1355 1519 1358 1527 '
1395 1513 1453 1576 'll

160 1618 334 1701 jubilemus
356 1620 470 1685 landes
493 1619 602 1685 dando
839 1623 873 1678 et
895 1616 1024 1698 pinnam
1049 1614 1258 1700 pontificat&

207 1725 279 1805 regi
301 1723 405 1788 dulcis
427 1724 561 1806 gloriae,
883 1718 962 1781 exiit
983 1737 1003 1781 a
1025 1718 1168 1802 propriis

165 1826 217 1908 qni
241 1829 369 1893 beatum
391 1826 614 1910 Lecnardum,
840 1837 952 1882 arvum
975 1829 1092 1903 petens
1114 1816 1329 1903 Aquitanunr,
1459 1874 1465 1907 ,

165 1925 321 1991 libertatis
344 1926 437 1990 almae
459 1926 592 1991 nardum
767 1929 786 1989 5
839 1922 883 1986 ini
906 1922 1031 2005 degens
1052 1940 1117 1988 non
1140 1923 1173 1988 iu
1194 1942 1314 1990 vanum
1445 1912 1449 1935 '

114 2082 125 2098 ,
208 2037 241 2091 et
263 2026 376 2091 florem
398 2028 547 2093 ecclesiae
883 2023 1021 2090 inmunis
1043 2025 1180 2091 avitiis.
1414 2016 1452 2097 anf

165 2250 346 2317 Sanctitate
370 2252 552 2334 decoravit,
839 2233 896 2298 Pie
916 2234 1005 2300 tusas
1027 2254 1144 2319 preces
1168 2233 1299 2301 flentum

165 2372 260 2435 quem
282 2352 410 2417 beando
433 2355 647 2437 proclamavit
839 2333 1006 2401 mullilst
1027 2355 1065 2400 ⁸⁰
1087 2343 1268 2420 Peiefliuffla

209 2458 240 2520 j„
259 2465 418 2521 terrarum
441 2456 558 2521 finibus
839 2441 927 2505 laute
950 2443 1042 2507 nimis
1065 2452 1099 2508 et
1117 2445 1273 2509 talentum

165 2579 225 2643 per
248 2561 413 2642 signorum
438 2562 633 2643 ubertatem,
747 2562 786 2625 10
883 2544 1002 2625 ⁸lli²li⁸it
1024 2545 1086 2608 Sibi
1108 2544 1276 2627 traditum,

165 2680 238 2743 quae
261 2664 303 2726 ob
327 2662 397 2746 ejus
421 2656 622 2727 sanctitatem

209 2763 334 2846 fulgent
359 2765 390 2828 in
413 2764 600 2829 hominibus.
839 2728 1014 2812 Utli¹¹⁸¹l¹¹⁰
1038 2729 1146 2797 98990
1169 2735 1255 2797 bona
1414 2733 1447 2796 ³5

839 2851 987 2917 pascuae,
1011 2833 1117 2901 donec
1138 2854 1261 2901 cornua

841 2935 1044 3020 triumphalis
1066 2945 1163 3020 atque
1187 2957 1271 3003 zona

164 2983 246 3066 Ejus
269 3004 368 3068 prece
391 2985 464 3048 sons
487 2986 642 3063 manavit,
883 3041 983 3105 cinxi,
1005 3042 1078 3126 eju,
1100 3042 1256 3125 ,pifitm

166 3107 260 3170 quem
283 3096 398 3152 natura
421 3088 612 3171 denegavit,

209 3189 291 3254 dans
313 3199 422 3275 potum
446 3191 614 3273 indigenis.

166 3300 245 3356 aetas
268 3291 331 3357 hoc
353 3312 416 3357 uon
440 3293 539 3358 habet
560 3315 690 3379 parem,

166 3397 280 3478 quibus
303 3397 389 3459 illum
414 3414 634 3477 compararem

208 3497 295 3560 miris
318 3499 349 3560 in
374 3498 542 3562 miraculis.

748 3193 787 3254 ¹5
840 3229 916 3296 Ave
939 3252 1016 3316 spes
1039 3251 1059 3299 o
1082 3235 1301 3318 captivorum,

841 3336 1009 3400 relaxator
1030 3337 1248 3418 vinculorum,
1418 3320 1454 3403 li

841 3438 1027 3503 consolator
1049 3440 1257 3522 miserorum,
1336 3484 1339 3489 -

840 3539 944 3604 torma
966 3540 1058 3620 vitae,
1080 3541 1135 3604 via
1157 3558 1298 3623 morum,
1450 3526 1453 3533 ’

883 3642 1013 3726 adjutor
1036 3644 1294 3727 promptissime!

166 3727 248 3790 Nam
274 3728 395 3808 reginae
419 3725 579 3790 laboranti
1448 3798 1453 3819 ‚

166 3838 199 3893 et
221 3829 251 3891 in
274 3836 369 3913 partu
393 3826 579 3912 desperanti
744 3828 786 3892 20
840 3828 962 3893 Preces
983 3828 1058 3895 audi
1080 3838 1113 3895 te
1132 3840 1324 3916 rogantum,
1449 3835 1453 3869 ²

210 3929 344 3995 contulit
366 3929 526 3993 auxilium.
840 3932 920 3997 Jesn
929 3931 1069 4015 Christe,
1085 3952 1146 4016 per
1155 3931 1242 3999 liuu’o
1250 3944 1404 4020 sanctum,

168 4035 335 4100 invocatus
357 4036 528 4100 vinculatis
841 4035 1031 4099 testinantes
1055 4033 1096 4100 ad
1119 4043 1297 4102 talantum

166 4146 200 4201 et
220 4145 378 4202 tormento
398 4139 559 4222 deputatis
842 4156 902 4202 nos
926 4138 969 4201 ad
992 4138 1103 4222 thyma
1126 4138 1189 4206 duc
1211 4142 1386 4226 balantum,

153 4246 155 4251 '
210 4241 337 4305 confert
359 4241 592 4307 adminiculum.
885 4240 959 4305 coeli
983 4240 1099 4307 ductor
1121 4243 1240 4308 inclite.

253 4422 300 4477 Hs.
319 4439 353 4476 an
372 4421 539 4492 limatiori,
563 4425 615 4479 No.
632 4426 675 4479 at.
696 4422 746 4479 fot
764 4425 825 4479 319.
853 4440 903 4479 aus
923 4425 983 4479 dem
1004 4428 1036 4479 15
1053 4424 1152 4481 lauru.
1195 4425 1254 4482 Das
1272 4426 1343 4486 Lietl
1360 4427 1444 4485 verb

165 4508 402 4563 wahrsclreinlielr
421 4507 468 4564 fuir
491 4510 534 4564 (lie
552 4511 813 4566 Lennhardslrirche
836 4528 870 4565 au
888 4508 1043 4566 l'raulrt'urt
1064 4513 1196 4583 gemacht
1221 4513 1293 4569 oder
1316 4515 1448 4588 datin-fit·

168 4594 295 4649 braueht.
336 4594 393 4650 Das
411 4595 478 4650 lietl
497 4596 547 4651 hat
564 4592 758 4653 irsnzlisisehe
774 4596 867 4653 Form.

253 4731 556 4802 reclamaremus.
591 4733 875 4807 sellemitarum.
912 4736 1206 4808 contingemus.
1242 4741 1278 4795 ot
1297 4738 1396 4811 sparsi,

254 4869 286 4922 v.
305 4872 346 4925 m.
374 4873 470 4942 thyma
488 4872 640 4941 balantum,
659 4873 704 4929 ure
721 4873 826 4931 watra
845 4875 895 4929 uer
911 4841 1026 4931 wseuam

250 5041 410 5114 Fulgentes
435 5048 561 5101 teutsche
591 5047 660 5101 lind
683 5049 792 5105 emhilt
814 5064 867 5105 nur
891 5049 999 5118 Bitten,
1030 5049 1112 5106 keine
1136 5050 1322 5126 llmweisang
1346 5047 1397 5107 ni
1408 5047 1447 5102 dat

165 5127 467 5271 ldtebenadseshllssiligeu
488 5132 544 5187 wie
563 5133 607 5187 tie
626 5133 816 5190 lateinischen,
842 5135 881 5206 lis
899 5136 975 5191 steht
992 5136 1021 5192 in
1035 5136 1086 5193 der
1097 5136 1268 5195 Huncineuer
1281 5139 1329 5194 lla
1342 5131 1446 5210 Canii

185 5229 217 5270 es
237 5218 249 5269 t
306 5231 322 5271 a
342 5233 357 5271 r
378 5257 383 5270 .
