3250 6517
151 1333 207 1407 43.
245 1330 305 1403 ne
331 1355 402 1402 uno
431 1339 584 1431 martyre
610 1330 667 1402 vel
692 1329 841 1429 simplici
867 1331 1079 1403 oonlessore.
1106 1358 1222 1431 prosa.

151 1589 168 1634 s
191 1569 271 1650 (leo,
296 1566 391 1651 Sion,
413 1566 522 1650 gaude
699 1567 826 1635 Ferens
847 1571 941 1636 nobis
964 1590 1056 1655 spem
1080 1573 1194 1638 salutis

151 1692 221 1752 noe,
243 1671 344 1755 digna
363 1671 461 1736 laude
700 1673 776 1736 lava
797 1673 905 1738 labem
928 1694 948 1738 a
970 1675 1104 1759 pollutis

151 1776 241 1840 inens
264 1774 438 1857 praeconia.
742 1776 820 1840 mali
841 1773 919 1841 data
940 1776 1046 1842 venit.

151 1971 238 2028 entur
258 1963 293 2026 in
315 1961 377 2026 hao
399 1961 451 2026 die
549 2036 552 2041 ,
699 1963 815 2031 Foedte
836 1963 943 2030 earnis
964 1965 1060 2029 luxus
1082 1966 1169 2049 pelle

151 2085 176 2128 ,u
196 2063 304 2147 plebis
326 2064 381 2148 pie
626 2063 647 2126 5
700 2073 734 2131 et
754 2072 897 2150 purgato
919 2064 1028 2131 oordis
1051 2064 1127 2130 felle
1283 2068 1325 2133 20

151 2166 283 2230 nlennia.
745 2169 808 2235 deo
830 2187 891 2234 nos
914 2169 1061 2234 eoncilia.

151 2374 229 2419 »snm
253 2325 356 2418 omnis
378 2353 490 2434 homo,
700 2356 815 2423 Funde
836 2376 953 2441 preoes
975 2376 1037 2442 pro
1060 2357 1222 2441 peccatis,

151 2458 197 2522 eri
218 2456 300 2549 lnois
324 2455 419 2520 domo
448 2524 452 2529 ,
700 2469 809 2526 notam
832 2459 906 2527 dele
927 2462 1098 2557 pravitatis

162 2562 269 2646 possit
290 2562 433 2645 praemia.
743 2572 778 2629 et
800 2571 938 2629 mentem
960 2563 1092 2628 irradia.

167 2753 288 2837 psalle,
310 2753 406 2837 plebs
428 2748 548 2814 devota
607 2750 647 2812 10
701 2750 791 2817 Sana
812 2755 944 2818 morbos
965 2760 1000 2816 et
1022 2753 1214 2834 languores,
1280 2752 1322 2815 25

151 2854 245 2936 orde,
274 2861 381 2918 mente
404 2860 472 2917 tota
701 2872 779 2918 cura
801 2859 912 2938 pestes
935 2859 968 2917 et
990 2851 1122 2916 dolores

151 2979 189 3024 na
211 2958 293 3022 dans
315 2955 464 3040 tripudia.
744 2963 779 3021 et
799 2957 880 3037 fuga
901 2955 1070 3020 doemonia.

151 3158 242 3232 nrtyr
262 3149 423 3232 pretiose,
700 3143 839 3210 Placeas
863 3142 924 3209 deo
947 3144 1045 3229 plana
1066 3162 1156 3226 eum,

152 3268 269 3315 onsors
291 3249 463 3332 gloriosae,
701 3267 743 3312 ne
766 3247 959 3313 oondemnet
982 3248 1108 3332 plasma
1130 3267 1222 3312 reum

151 3355 187 3418 tis
208 3374 276 3438 pax
296 3353 330 3415 in
352 3350 468 3434 gloria
609 3350 649 3411 15
745 3352 853 3417 narnis
874 3360 949 3436 post
971 3352 1078 3416 exitia.
1283 3351 1326 3415 30

151 3524 410 3610 agesenrisbenen
427 3535 566 3589 Zusitnen
590 3532 640 3588 des
664 3535 698 3587 15
715 3534 813 3590 Jahrb.
838 3552 874 3590 nu
897 3534 987 3590 einern
1009 3535 1086 3591 alten
1103 3533 1252 3590 llessbnoh
1269 3549 1327 3589 von

151 3641 190 3679 on
208 3624 255 3679 bei
273 3620 442 3679 Plornheim.
477 3621 541 3676 Allo
560 3620 665 3675 dritten
681 3618 772 3676 Verso
790 3621 897 3677 reimen
913 3621 943 3675 in
956 3621 992 3676 ia.

151 3746 306 3814 continens,
325 3744 373 3799 ils.
411 3741 530 3812 Edono,
547 3741 596 3796 lis.

444 4095 530 4170 744.
564 4096 623 4167 De
647 4120 718 4168 uno
742 4106 905 4195 martyre.

150 4353 280 4417 eroedis
302 4360 336 4416 et
357 4369 489 4417 ooronae
703 4370 797 4433 quern
821 4348 973 4414 oooidnnt
990 4347 1179 4430 saevientes,
1285 4349 1325 4412 1o

151 4468 263 4542 nartyr
286 4459 318 4522 in
337 4476 445 4540 agone
701 4453 909 4517 introducunt
930 4452 1113 4517 nescientes

151 4570 271 4627 nortem
294 4561 463 4643 obediens,
745 4557 788 4621 ad
811 4564 934 4622 aeterna
956 4556 1086 4639 gandia.

151 4666 315 4731 Christum
337 4665 489 4744 imitatus,
1154 4688 1165 4701 ..

151 4787 226 4834 mus
249 4776 283 4833 et
305 4767 450 4832 firmatus
630 4766 650 4827 5
703 4744 825 4809 Christi
846 4744 925 4808 felix
948 4743 1002 4808 hio
1023 4743 1164 4826 athleta,

151 4891 162 4937 n
184 4890 302 4955 gressu
323 4869 485 4954 gradiens,
606 4868 612 4881 “
704 4848 759 4928 qui
780 4846 889 4911 subire
910 4853 1017 4911 mente
1038 4845 1115 4910 laeta

746 4956 882 5013 mortem
904 4965 969 5012 non
992 4947 1176 5029 abhorruit,
1286 4947 1326 5009 15

151 5061 233 5127 irror
255 5060 418 5141 militaris,
702 5061 739 5118 nt
761 5053 803 5117 sit
824 5053 913 5118 salus
934 5051 1133 5117 infirmorum

154 5182 251 5231 moer
274 5164 377 5229 saeris
399 5162 464 5227 aris
704 5163 738 5220 et
759 5152 886 5220 medela
907 5161 1115 5238 pennatorum

151 5268 249 5334 >letan
271 5267 398 5348 hostia3
748 5259 886 5344 gratiam
907 5256 1093 5343 promeruit.
