3250 6517
572 1291 658 1366 632.
678 1285 755 1371 Ad
780 1312 903 1363 omnes
926 1298 1076 1360 unetos.

171 1533 355 1612 lohannes,
378 1533 520 1616 baptista
543 1530 680 1612 Christi,
851 1526 970 1591 Omnes
994 1524 1098 1591 sancti
1119 1524 1344 1613 confessores,

172 1653 288 1703 vocem
309 1634 413 1719 patris
430 1634 491 1719 ¹qni
513 1632 631 1712 audisti
850 1647 985 1712 quornm
1007 1630 1090 1711 vita,
1112 1629 1232 1710 verbe,
1254 1646 1393 1720 mores,

170 1746 206 1805 et
226 1737 338 1803 vidisti
360 1735 614 1803 descendentem
850 1731 905 1798 lric
926 1733 975 1797 sic
997 1730 1143 1797 Christos
1167 1731 1394 1818 approbavit„

170 1840 318 1925 spiritum
341 1839 431 1905 clare
454 1839 610 1904 nitentem
851 1843 884 1900 et
905 1853 966 1900 vos
989 1854 1098 1901 secum
1121 1853 1205 1900 nnnc
1226 1835 1349 1900 locavit

214 1945 249 2009 in
271 1943 429 2010 columbae
450 1943 582 2025 specie,
779 1941 798 2003 5
893 1940 926 2003 in
949 1939 1023 2004 ooeli
1043 1939 1182 2022 palatio,

172 2047 279 2132 ipsum
300 2064 360 2111 ora
382 2044 599 2128 baptizatum,
849 2058 894 2106 ne
914 2040 1067 2105 seductor
1089 2039 1267 2104 animarum

172 2155 209 2216 ut
230 2148 378 2233 peccatis
402 2146 606 2210 emendatum
849 2147 885 2211 t'tt
905 2144 966 2212 tac
987 2145 1067 2210 ocllc
1088 2145 1293 2210 lacrimarum

172 2269 225 2314 me
246 2256 323 2333 post
345 2246 557 2332 temporalem
578 2253 714 2311 mortem
849 2268 901 2314 mc
922 2249 955 2313 in
978 2248 1044 2314 ulla
1066 2255 1160 2332 parte
1183 2246 1300 2331 laedat,

173 2368 249 2416 esse
272 2350 372 2416 iaciat
393 2357 577 2417 consortem
849 2370 912 2435 pro
934 2370 1001 2433 me,
1023 2368 1161 2436 precor,
1183 2349 1363 2416 intercedat

218 2455 361 2520 coelestis
384 2454 515 2519 laetitite.
757 2452 797 2514 to
892 2460 1006 2518 vestra
1027 2453 1229 2538 supplicatio.

174 2641 285 2708 0voa
309 2660 465 2727 proceres
487 2641 624 2723 bisseni,
782 2626 783 2630 ¹
851 2641 932 2707 Cum
954 2642 1073 2707 decore
1095 2641 1265 2724 virginali,

174 2746 312 2831 spiritali
333 2754 438 2812 musto
460 2746 565 2831 pleni,
850 2747 916 2813 fide
940 2746 1060 2812 Christi
1083 2746 1236 2831 speciali,

174 2848 287 2934 signis,
309 2848 404 2915 iactis
428 2856 461 2912 et
483 2847 630 2915 doctrina
850 2871 924 2935 qum
946 2851 1132 2933 frequenter
1155 2849 1338 2914 adlaaesistis

173 2960 379 3018 sacramento
401 2955 456 3035 qni
479 2952 590 3025 divina
851 2963 885 3021 et
905 2957 1056 3021 letanter
1077 2953 1234 3018 introistis

219 3054 364 3120 edidistis
387 3056 506 3137 libere,
757 3055 834 3118 15·
892 3059 926 3123 in
948 3058 1020 3142 ejus
1041 3042 1220 3142 potentias,

174 3177 237 3245 pro
258 3178 310 3223 me
333 3157 416 3222 lerte
438 3175 557 3242 preces
578 3157 632 3242 pie
706 3211 709 3216 .
850 3161 928 3228 nihi
949 3161 1067 3226 vestris
1089 3162 1232 3252 obtinete

173 3262 208 3326 in
229 3260 287 3326 illa
308 3260 477 3326 tremenda
499 3260 569 3342 die,
850 3264 1021 3348 precibus,
1043 3272 1079 3328 nt
1101 3281 1173 3328 cum
1196 3263 1304 3346 quiete

88 3378 89 3381 ’
174 3369 300 3452 oscado
316 3369 417 3450 jttdcc
439 3372 486 3434 est
506 3372 655 3434 canoros
852 3367 1037 3450 apeccatis
1061 3364 1228 3432 absolutus

174 3471 238 3556 piis
259 3472 359 3554 mitis,
381 3469 610 3551 meliaderus,
850 3469 934 3534 liber
955 3467 1074 3533 vadam
1095 3476 1192 3550 atque
1215 3474 1302 3531 tntns

213 3571 305 3656 justo
328 3591 449 3654 urgens
473 3591 615 3637 munere.
671 3656 675 3669 Ι
756 3573 798 3638 20
894 3570 937 3637 ad
960 3572 1109 3649 coelestes
1131 3571 1269 3655 nuptias.

172 3759 312 3827 (locati
328 3760 457 3826 *Christi
480 3769 597 3845 testes,
851 3760 1002 3829 Universi
1024 3764 1115 3829 cives
1137 3764 1228 3845 coeli,

176 3865 233 3949 qni
255 3864 380 3930 lavistis
402 3872 530 3930 vestras
553 3873 661 3931 vestes
850 3873 958 3931 mente
980 3883 1098 3949 precor
1121 3883 1181 3929 vos
1203 3864 1309 3947 fideli,

176 3967 211 4032 in
233 3966 305 4050 ejus
328 3966 405 4050 agni
428 3984 559 4048 cruore,
852 3972 1000 4054 quicum
1023 3970 1260 4046 Christonnno
1282 3970 1425 4054 regnatis

175 4087 235 4137 sno
258 4070 410 4137 mundum
432 4071 487 4154 qni
508 4072 633 4154 liquore
851 4080 900 4157 ut,
923 4092 1004 4137 meae
1028 4072 1218 4136 calamitatis

219 4175 347 4240 sanavit
368 4174 523 4258 feliciter,
756 4176 798 4239 25
894 4193 1053 4240 memores
1075 4174 1226 4256 miserico,

176 4294 238 4341 vos
258 4296 344 4341 nune
365 4278 398 4341 in
421 4286 599 4361 conspectu
616 4277 669 4344 dei
851 4281 951 4346 oretis
973 4298 1035 4363 pro
1056 4287 1250 4363 peccatore,

176 4399 336 4446 memores
360 4390 464 4447 estote
482 4386 578 4473 mei„
851 4393 887 4449 nt
908 4405 929 4448 a
949 4382 1132 4448 leviathan
1154 4399 1212 4445 ore

176 4492 213 4551 ut
229 4494 305 4568 post
319 4486 404 4566 [vitae
427 4486 525 4571 hujus
546 4506 672 4554 cursum
852 4506 915 4571 ego
939 4488 1022 4555 liber
1044 4497 1079 4568 et
1099 4487 1224 4567 solutos

174 4586 207 4650 in
231 4586 346 4651 coelum
369 4588 585 4654 conscendam
608 4607 734 4655 sursum
852 4612 894 4656 cx
916 4590 979 4655 hec
1002 4589 1069 4653 vita
1087 4587 1205 4652 vadam
1227 4593 1315 4653 totns

220 4687 262 4752 ad
285 4688 459 4755 laetendnm
476 4691 611 4775 jugiter.
756 4696 798 4758 30
896 4692 938 4758 ad
960 4693 1100 4758 tribunal
1122 4692 1246 4773 gloriae.

175 4963 203 5020 N
247 4876 489 5021 &einaim
506 4880 579 4952 sug.
596 4868 650 4937 ne
667 4882 727 4938 tes
751 4882 795 4939 er.
812 4885 856 4952 ss.
873 4884 929 4955 (Β)
956 4882 1005 4937 res
1025 4883 1059 4936 ιι
1075 4881 1173 4936 tants
1209 4878 1403 4935 neocosmum
1421 4877 1425 4934 1

204 4978 230 5020 o.
284 5003 291 5018 .
424 4969 489 5036 ().

264 5085 315 5141 llie
334 5085 406 5140 awei
424 5091 522 5142 ersten
537 5088 680 5160 Strophen
698 5089 761 5146 sind
778 5093 852 5147 neclr
869 5091 920 5146 der
938 5087 1081 5160 zeitlolge
1099 5089 1254 5161 geordnet‚
1286 5087 1332 5141 die
1350 5086 1425 5159 ibris

174 5174 249 5251 nach
272 5173 324 5228 der
340 5172 523 5245 llintlreilung
546 5173 597 5247 der
614 5176 759 5252 mitigem,
790 5178 861 5249 aber
884 5177 962 5234 nicht
978 5175 1155 5246 volletsntig
1173 5171 1348 5247 eusgelirhrt
1383 5175 1407 5230 B

174 5259 258 5333 piant
275 5259 325 5316 des
343 5257 419 5332 lied
428 5259 479 5319 mit
494 5257 650 5337 folgenden
666 5262 782 5341 Versen,
801 5265 848 5321 die
864 5265 943 5322 nicht
961 5263 1032 5321 duo
1050 5263 1188 5336 geldren:
