3250 6517
166 942 235 1010 sto

171 1175 175 1181 .
259 1128 277 1183 3
295 1125 343 1197 qui
360 1126 421 1194 lle,
444 1125 519 1180 lrunn
537 1124 650 1192 sehon,
667 1138 752 1178 avenn
769 1138 834 1178 mun
851 1119 998 1195 suhiulgst
1014 1125 1101 1191 solut,
1124 1122 1195 1178 aber
1212 1122 1259 1178 dis
1275 1124 1383 1181 harada
1398 1129 1449 1199 geht

168 1228 226 1268 vnn
244 1215 339 1282 1-a‚
368 1213 456 1268 daher
474 1212 511 1267 ist
529 1228 584 1282 quo
603 1210 709 1266 hesser.
758 1213 783 1266 ἵ.
801 1211 819 1265 8
836 1210 889 1265 mir
910 1210 1020 1265 scheint
1036 1210 1112 1266 dulei
1130 1210 1269 1267 doctriua
1287 1212 1351 1269 luce
1366 1214 1448 1271 hura

168 1298 274 1354 besser.
309 1299 345 1352 26
363 1299 409 1353 ich
426 1298 537 1354 mduhts
554 1297 633 1352 lesen
652 1297 725 1352 diem
742 1295 857 1352 induxit
892 1297 929 1352 28
950 1297 992 1352 sie
1009 1299 1089 1352 wire
1106 1296 1214 1354 bssser.

257 1429 292 1484 V.
310 1429 353 1485 38.
375 1427 456 1483 Nach
474 1426 535 1481 dem
552 1426 614 1484 Ave
631 1425 718 1481 maris
736 1423 829 1480 stella
864 1424 918 1480 Nu.
934 1425 997 1495 tos,
1015 1425 1062 1480 st.

515 1780 600 1853 972.
635 1775 762 1850 Oratio
789 1776 835 1849 ad
858 1802 885 1848 s.
906 1776 1161 1852 Jerouimum..

170 2019 248 2087 Ave
270 2040 398 2105 gemma
420 2018 614 2100 venustatis,
846 2014 978 2083 Laudes
1000 2022 1066 2081 tum
1088 2015 1202 2080 laudes
1225 2015 1295 2100 dei,
1417 2015 1448 2080 ll

171 2123 291 2190 ardeus
313 2125 390 2208 igne
414 2123 570 2203 caritatis,
847 2125 923 2184 ante
946 2137 1040 2201 quem
1062 2125 1223 2183 memento
1245 2119 1310 2184 mei

215 2222 337 2290 christi
358 2244 461 2288 verua
484 2220 669 2302 Jeronime,
890 2239 1026 2305 prome
1049 2239 1148 2286 orans
1166 2220 1308 2307 jugiter,

172 2329 228 2413 qui
250 2329 292 2394 de
314 2348 391 2393 rure
417 2327 545 2392 deitatis
847 2332 882 2390 ut
903 2325 1082 2408 plasmator
1104 2326 1207 2390 omnis
1230 2327 1280 2390 rei

173 2433 269 2498 vellis
292 2432 402 2514 spinas
424 2429 594 2515 pravitatis
776 2429 796 2488 5
849 2428 905 2493 det
926 2428 1110 2493 mercedem
1133 2437 1258 2495 sanetae
1281 2430 1365 2516 spei,

214 2535 345 2600 sulcans
368 2534 634 2601 constantissime.
890 2531 1039 2616 supplico
1061 2532 1241 2597 sinceriter.
1416 2526 1446 2592 ld

170 2749 288 2833 Regna
309 2750 418 2814 muudi
441 2749 634 2834 despexisti,
847 2745 972 2810 Dextra
996 2745 1049 2810 dei
1068 2752 1101 2810 te
1124 2744 1266 2812 firmavit

171 2852 301 2919 Christo
323 2852 428 2918 Jhesu
450 2852 616 2917 adhaesisti
848 2856 882 2913 et
903 2848 1022 2911 virtute
1045 2849 1215 2913 roboravit

214 2956 321 3021 caruis
345 2966 454 3021 terens
474 2956 662 3040 spurcitias,
891 2959 1006 3016 contra
1027 2949 1155 3016 hostem
1177 2952 1401 3034 saevissimum,
1445 3002 1447 3006 2

169 3075 283 3122 nemus
302 3057 437 3121 densum
458 3057 600 3138 coluisti,
756 3058 795 3122 10
846 3053 982 3137 primum
1005 3053 1129 3137 plasma
1152 3054 1207 3136 qui
1229 3054 1416 3139 prostravit,

169 3160 279 3240 longe
292 3179 429 3242 namque
452 3162 633 3244 praevidisti
847 3155 907 3221 sed
929 3165 961 3220 te
983 3176 1145 3240 nunquam
1168 3160 1369 3240 obscuravit,
1418 3151 1446 3218 ll

213 3260 334 3327 diaboli
356 3262 500 3327 insidias.
891 3277 911 3322 o
933 3259 1039 3324 lumen
1062 3259 1364 3344 splendidissimum
1469 3252 1478 3313 -‘

169 3473 300 3540 Nostrae
322 3476 437 3541 mentis
459 3479 639 3561 pravitates
847 3477 929 3543 Vale
948 3476 1014 3541 dux
1034 3477 1263 3562 eeclesiarum,

171 3579 278 3644 caruis
301 3597 450 3644 necnon
473 3581 657 3666 voluptates
847 3600 941 3663 quem
966 3580 1117 3645 cohortes
1139 3584 1348 3647 tenebrarum

212 3684 300 3767 pello
323 3684 384 3748 tuis
406 3686 572 3769 precihus,
754 3690 793 3752 15
889 3683 991 3747 velint
1011 3683 1113 3746 nolint
1136 3683 1282 3767 lugiunt,

167 3802 291 3849 morum
313 3785 428 3849 dentur
451 3785 652 3871 honestates,
846 3787 938 3872 cujus
961 3787 1024 3849 rivi
1041 3782 1263 3851 doctrinarum
1416 3780 1444 3844 ll

170 3885 288 3951 cedant
309 3887 420 3951 mundi
441 3888 616 3970 vanitates,
846 3891 928 3954 sicut
950 3890 1065 3971 ingens
1087 3888 1161 3952 lons
1184 3909 1342 3973 aquarum

210 4006 292 4072 roga
314 3990 365 4054 his
387 3993 595 4076 pauperihus.
887 3993 920 4055 in
944 4001 1110 4056 cessanter
1132 3992 1277 4060 effluunt

166 4210 193 4305 ρ
215 4211 288 4292 quin
307 4211 429 4292 hedis,
449 4213 523 4295 qnid
544 4214 686 4292 honoris,
844 4210 949 4276 Serve
972 4213 1057 4275 hone
1080 4217 1113 4274 et
1135 4209 1263 4293 fidelis,

165 4330 217 4376 me
240 4333 313 4376 nam
336 4315 466 4396 stringit
487 4319 535 4380 nis
557 4320 691 4400 umoris,
747 4319 790 4383 20
843 4325 878 4381 ut
900 4317 1038 4402 abjectis
1062 4317 1164 4381 hostis
1186 4318 1279 4400 telis,

208 4415 338 4480 reddam
360 4417 415 4481 tihi
436 4418 549 4495 dedite,
887 4418 929 4483 da
951 4428 1005 4483 tuo
1024 4419 1207 4501 juvamine,
1409 4405 1438 4470 ⁴⁵
1477 4478 1478 4485 ,

165 4522 199 4579 te
222 4535 296 4579 nam
318 4518 459 4583 omnihus
481 4522 515 4585 in
534 4519 634 4603 horis,
843 4529 876 4586 et
899 4541 970 4586 cum
993 4523 1117 4586 civibus
1139 4522 1173 4585 iu
1197 4523 1289 4587 coelis
1477 4526 1478 4537 ’

165 4619 270 4684 cultor
293 4622 395 4684 nostri
417 4622 606 4708 salvatoris,
843 4625 940 4689 simus
962 4643 1022 4689 nos
1045 4626 1114 4690 sine
1133 4627 1277 4708 querelis

208 4721 396 4788 collaudant
416 4725 574 4792 ecclesiae.
884 4730 996 4793 mortis
1019 4729 1052 4791 iu
1074 4729 1233 4794 examine.

176 4884 179 4893 ’
251 4919 298 4974 m
317 4936 352 4974 zu
368 4921 474 4993 aasz,
492 4923 564 4997 nug.
581 4923 636 4981 no.
655 4926 716 4980 aaa.
734 4923 779 4980 m
798 4925 857 4981 ses.
876 4923 926 4980 an
945 4927 978 4980 au
995 4926 1094 4982 saura

253 5058 286 5113 18
304 5063 390 5129 rogat
407 5061 461 5131 hie,
479 5060 527 5118 lla
545 5062 592 5117 hie
609 5062 684 5118 huno
703 5064 809 5118 stehen
844 5066 880 5121 39
898 5065 1006 5137 nolunt,
1024 5066 1075 5124 lls.

250 5198 284 5252 V.
304 5200 345 5254 19.
363 5202 406 5256 20.
432 5205 490 5259 hus
506 5202 558 5260 No.
577 5204 638 5276 2118,
658 5206 726 5260 1-5
745 5206 880 5264 eutlehnt.
