3250 6517
165 929 234 994 toa

391 1115 570 1199 antiphona.

165 1253 389 1324 Innocentiam
410 1251 553 1314 retinens

165 1357 384 1438 mundumque
406 1372 464 1420 cor
486 1353 625 1435 diligens
752 1353 794 1416 20

164 1479 228 1545 per
249 1477 365 1543 poenas
387 1455 586 1540 temporales

165 1569 282 1646 portas
301 1559 447 1624 introivit
468 1556 650 1623 aeternales.

357 1750 601 1830 responsorium.

168 1881 265 1951 Felix
285 1884 385 1967 igitur
406 1883 614 1965 Margareta,

168 1988 333 2070 sacrilego
356 1988 514 2070 sanguine
536 1983 729 2071 progenita,

168 2089 254 2173 fido,
292 2109 387 2172 quam
424 2091 539 2173 spiritu
573 2096 686 2154 sancto
716 2108 794 2173 per·

183 2263 185 2266 ,
535 2193 640 2276 cepit,
705 2191 709 2198 ’
752 2193 793 2254 25

168 2291 321 2356 vitiorum
343 2292 477 2356 maculis
499 2293 602 2355 minus
624 2292 744 2356 iniecit.

423 2494 541 2541 ver-ilis.

171 2614 245 2684 Ibat
268 2615 309 2680 dc
332 2616 452 2681 virtute
476 2617 508 2679 in
531 2617 691 2696 virtutem,

172 2717 326 2783 ardenter
349 2718 461 2781 sitiens
484 2718 600 2781 animae
623 2717 768 2781 salutem.

359 2909 602 2988 responsorium.

171 3038 253 3106 Haec
275 3040 403 3104 modica
427 3040 557 3122 quidem
579 3041 611 3104 in
634 3041 765 3121 malitia,

173 3143 233 3207 sed
255 3144 335 3206 mire
357 3143 472 3224 vigens
494 3142 680 3227 pudicitia,''
754 3144 796 3206 30

171 3253 343 3328 praeventa
364 3244 471 3327 gratia
493 3245 708 3329 redemptoris

174 3349 320 3413 oviculas
342 3350 499 3431 pascebat
523 3350 664 3414 nutricis.

424 3537 543 3586 versos.

170 3652 319 3738 Simplex
340 3656 401 3720 fuit
423 3665 458 3720 ut
481 3656 645 3738 columba,

170 3757 440 3841 quemadmodum
462 3776 599 3841 serpens
623 3767 737 3824 astuta.

360 3925 601 4003 responsorium.

172 4057 318 4137 Quadam
346 4059 399 4122 die
422 4057 592 4141 Olybrius,
754 4060 796 4122 35

171 4161 327 4225 molestus
351 4158 413 4223 deo
437 4168 471 4222 et
492 4159 692 4242 hominibus,

174 4261 250 4327 dum
261 4262 422 4326 transiens
433 4264 536 4326 visum
545 4264 578 4326 in
589 4282 659 4327 eam
668 4264 797 4347 sparsit,

173 4384 250 4430 mox
273 4367 304 4428 in
328 4367 619 4448 concupiscentiam
645 4367 716 4449 ejus
739 4387 797 4430 ex·

539 4471 627 4536 arsit.

426 4645 544 4693 vertiti.

174 4761 257 4829 Erat
278 4761 361 4825 enim
384 4763 513 4826 nimium
536 4765 677 4831 formosa

172 4868 208 4931 in
231 4865 321 4929 vultu
343 4872 377 4928 et
399 4863 507 4930 floruit
528 4873 563 4932 ut
585 4886 671 4933 rosa.
755 4872 798 4935 40

396 5033 575 5116 oottpbooo.

173 5165 372 5232 Desiderans
395 5169 536 5251 speciem
559 5170 631 5254 ejus

173 5267 339 5334 benedixit
362 5287 434 5332 eam
456 5268 555 5354 deus,

847 1114 981 1178 trahens
1004 1115 1091 1178 illam
1113 1113 1156 1178 ad
1179 1133 1217 1179 se

846 1216 880 1280 in
902 1216 1016 1281 laetitia
1038 1225 1070 1281 et
1093 1217 1303 1282 exultamus

846 1376 1009 1443 Virtutum
1032 1376 1200 1460 dominus,
1416 1376 1447 1438 c

847 1489 1019 1564 susceptor
1042 1480 1144 1561 illius,
1481 1490 1482 1495 ’

847 1599 957 1645 arcum
979 1580 1123 1664 potentis
1146 1579 1318 1658 contrivit,

848 1684 902 1765 qui
924 1683 1100 1748 carnaliter
1122 1701 1195 1747 eam
1218 1681 1346 1747 occidit.

1066 1901 1252 1985 antiplona.

846 2063 884 2130 ln
905 2063 1013 2129 medio
1035 2067 1147 2149 templi

846 2166 936 2248 regis
959 2169 1148 2251 sempiterni
1415 2165 1445 2229 tt

847 2269 1100 2334 misericordiam
1122 2273 1285 2356 suscepit,

850 2390 914 2453 qua
931 2372 1057 2455 jugiter
1079 2374 1246 2457 gaudebit.

1022 2583 1026 2593 ‘
1040 2583 1283 2660 responsoriam.

849 2737 939 2802 Misit
960 2741 1107 2822 protinus
1130 2742 1267 2807 clientes

851 2840 893 2904 ad
915 2842 1125 2923 inquirendos
1148 2845 1221 2928 ejus
1244 2855 1405 2930 parentes,
1475 2838 1482 3002 ¹

850 2950 886 3008 ut
908 2946 935 3007 si
957 2945 1062 3011 libera
1082 2950 1297 3031 probaretur,
1417 2945 1445 3009 ll
1480 3007 1482 3039 r

850 3045 883 3107 in
906 3047 1093 3131 conjugium
1115 3051 1177 3115 sibi
1200 3053 1409 3137 copularetur.
1481 3049 1482 3080 ³

1098 3256 1217 3304 cosas.
1477 3308 1482 3371 ἵ

849 3396 917 3463 Sed
940 3401 1025 3466 hanc
1046 3405 1100 3485 qui
1123 3404 1387 3488 desponsaverat,

848 3520 914 3566 non
935 3503 981 3568 ita
1004 3504 1151 3572 Christus
1170 3511 1438 3592 praeordinaverat

1039 3702 1283 3778 responsorium.

850 3850 930 3917 Cum
953 3862 1109 3938 tyrannus
1131 3860 1310 3943 intellexit,

850 3953 937 4036 quod
960 3976 1032 4020 eum
1054 3958 1150 4041 virgo
1171 3960 1335 4046 despexit,
1419 3957 1446 4020 ⁶⁰

845 4056 945 4140 jussit
967 4061 1103 4124 eandem
1125 4064 1230 4129 iratus

850 4160 916 4223 suis
939 4167 1132 4244 praesentari
1154 4168 1381 4249 tribunalibus,
1476 4125 1482 4277 ἱ

1101 4372 1219 4421 ver-illd.

1478 4287 1482 4389 l

1099 4517 1106 4531 ,
1477 4426 1482 4520 l

852 4511 952 4588 Quam
975 4524 1122 4597 speravnt
1143 4519 1325 4600 puellarum
1348 4534 1421 4584 mora
1478 4542 1482 4597 ῃ

850 4612 943 4676 minis
965 4615 1084 4681 inllecti
1108 4619 1281 4701 subjuncto
1304 4630 1425 4687 terrore
1477 4602 1482 4727 Ξ

1036 4822 1279 4898 responsorium.

850 4973 954 5057 Virgo
978 4977 1183 5062 veneranda,
1416 4970 1444 5035 65

850 5078 882 5140 in
905 5098 1022 5162 magna
1045 5091 1197 5148 constans
1216 5086 1403 5163 constantia,

850 5183 953 5244 verba
976 5189 1167 5269 contempsit
1185 5188 1321 5271 judicis,

849 5281 895 5346 nil
917 5284 1063 5364 cogitans
1086 5287 1127 5351 de
1149 5289 1290 5355 lubricis.
