3250 6517
213 1115 432 1181 coelicolarum
456 1131 558 1177 ovans

211 1221 432 1284 contubernia.
727 1216 768 1279 30

211 1353 365 1420 Sublimis
388 1362 479 1419 extat

211 1457 290 1522 sede
312 1476 431 1540 supera

210 1561 322 1624 lruons
336 1558 403 1623 vitd
418 1577 547 1643 semper
565 1559 768 1625 inexhausta

212 1670 263 1727 sat
281 1682 341 1746 per
363 1661 573 1726 saluberrima

212 1764 332 1831 Christi
354 1785 487 1849 pascua.
726 1766 767 1828 35

146 1958 175 2019 d.
209 1955 389 2037 0diguum
413 1963 527 2019 cuncta

209 2058 305 2123 laude
328 2056 487 2141 praecelsa

211 2162 400 2245 praesulem,
424 2167 513 2223 tanta

211 2274 338 2329 nactum
362 2262 483 2345 gaudia

210 2369 364 2431 virtutum
386 2373 523 2451 propter
544 2367 675 2451 merita,
726 2369 768 2432 10

212 2474 327 2554 quihus
348 2471 451 2554 viguit
473 2471 591 2536 ardens

212 2575 301 2640 velut
323 2575 482 2660 lampade.

209 2713 277 2778 Nus
301 2731 429 2797 quoque
452 2714 542 2779 clara

210 2817 295 2882 hunc
317 2825 352 2882 et
368 2818 514 2901 jocunda

211 2922 325 2987 dantes
348 2941 477 2988 oramus
724 2922 766 2984 15

209 3044 326 3110 preces
350 3035 382 3090 et
404 3033 499 3108 vota,

211 3148 274 3211 quo
296 3129 390 3194 nohis
412 3128 497 3192 ierat
519 3126 701 3210 commoda,

886 1110 1036 1195 impetret
1058 1117 1092 1174 ct
1114 1118 1239 1175 aeterna

885 1229 1025 1294 poscens
1047 1212 1192 1295 praemia.
1308 1230 1315 1237 ·

821 1433 851 1493 7.
883 1426 977 1506 Quod
991 1427 1073 1511 petit
1082 1445 1231 1511 praesens
1246 1438 1359 1494 catervi

885 1529 1060 1614 praesulum
1083 1547 1228 1612 gemma,

884 1635 1005 1698 devota
1026 1629 1212 1716 rependens

884 1736 991 1801 munia
1013 1742 1120 1799 mento
1143 1735 1287 1819 sincera,

886 1840 947 1922 da,
970 1839 1101 1903 favente
1124 1839 1186 1904 sihi
1207 1859 1339 1923 precum

885 1945 1045 2027 instantia,
1067 1942 1193 2008 scilicet
1212 1950 1248 2007 ut

884 2047 1031 2132 polorum
1056 2046 1178 2110 intrent
1200 2045 1318 2128 limine,

887 2183 1031 2262 Qucum
1053 2184 1174 2248 intrent
1195 2184 1317 2268 palatia

886 2297 1010 2353 stantes
1032 2307 1197 2371 suprema,

885 2393 953 2457 laeti
974 2390 1191 2474 gratulemur,

886 2495 995 2580 adepti
1017 2495 1164 2579 polorum
1187 2514 1305 2576 regna,

885 2601 939 2682 qui
962 2597 1026 2680 tud,
1047 2596 1178 2681 praesul,
1200 2594 1348 2662 sistentes

884 2703 947 2767 hac
968 2703 1000 2766 in
1024 2700 1098 2766 auld
1115 2700 1294 2783 jubilamus

884 2806 1007 2889 ingenti
1028 2823 1099 2870 cum
1121 2805 1236 2869 laetitia

818 3023 848 3085 8.
881 3020 1076 3086 Reciuentes
1094 3020 1202 3086 dulcia

883 3145 968 3190 nunc
990 3126 1142 3208 celsaque
1163 3127 1306 3212 alleluja

237 3313 283 3368 lis.
303 3330 337 3366 zu
354 3312 499 3381 hldncheu,
517 3311 584 3368 clm.
604 3313 698 3367 11004.
716 3312 776 3369 Ful.
795 3313 855 3366 119.
873 3312 923 3367 des
943 3315 974 3366 11
993 3312 1091 3367 Jahrh.

233 3436 266 3488 15
285 3433 391 3502 verbs,
418 3434 466 3489 ils.
517 3434 552 3488 33
570 3432 674 3500 vitam,
705 3434 753 3488 ils.
804 3438 839 3489 42
863 3434 1010 3505 lampada,
1040 3435 1103 3503 ils„
1135 3435 1187 3490 des
1203 3435 1314 3491 Reimes
1331 3448 1359 3486 w·

143 3523 179 3576 dl
196 3518 320 3587 invento,
338 3520 385 3576 Hs.
419 3521 455 3574 60
473 3520 562 3591 regni,
581 3520 637 3589 ils,
657 3520 725 3575 weil
743 3521 836 3576 dieser
854 3521 926 3577 Vens
946 3522 1008 3576 dem
1026 3520 1060 3575 V.
1077 3524 1112 3576 53
1129 3522 1296 3593 eutspricht,
1314 3539 1345 3577 so

143 3609 231 3679 regd'u
250 3607 355 3662 stehen.
392 3609 427 3662 62
445 3607 481 3675 in,
500 3604 573 3662 fehlt
589 3608 640 3663 der
657 3607 705 3662 Hs
741 3608 777 3662 ct
793 3608 956 3676 retinentes,
973 3608 1021 3663 lis.

402 3857 489 3932 817.
523 3858 581 3929 De
608 3882 635 3928 s.
660 3859 873 3956 Augustino.
916 3858 960 3928 ad
986 3868 1187 3930 nocturnos.

816 4045 910 4109 lluuc
933 4053 1008 4128 post
1029 4043 1137 4108 mundi
1159 4045 1305 4128 pericula

818 4149 891 4214 coeli
913 4149 1056 4232 suscepit
1078 4148 1188 4221 curia,

818 4272 911 4335 quem
934 4271 1006 4317 cum
1028 4252 1132 4316 servis
1155 4250 1306 4318 fidelihus

813 4356 882 4439 jam
905 4354 1232 4421 salutavitdominus.

140 4042 221 4109 Goeli
246 4045 335 4110 cives
359 4042 546 4129 applaudite

139 4156 173 4211 et
195 4165 254 4211 vos
277 4148 396 4212 fratres
419 4147 597 4226 concinite,

140 4252 242 4335 patris
264 4251 366 4314 nostri
389 4251 557 4314 sollemnia

140 4355 218 4419 solis
241 4355 370 4418 reduxit
392 4355 505 4419 orbita.

138 4517 222 4581 llinc
245 4532 326 4598 ergo
349 4514 462 4599 psalmi
487 4520 655 4593 resonent,
744 4516 762 4575 5

138 4619 214 4684 hinc
238 4618 395 4682 lectiones
419 4600 617 4698 concrepent

139 4732 173 4787 ot
196 4721 385 4804 hymnorum
410 4718 575 4783 dulcisona

140 4822 391 4905 multiplicentur
415 4820 551 4884 cantica.

818 4567 979 4633 Gonemur
1003 4567 1078 4630 totis
1100 4566 1243 4650 virihus,

814 4672 988 4756 jungamus
1010 4686 1127 4753 preces
1150 4670 1324 4753 precihus,

818 4783 852 4839 ut
874 4771 1048 4856 Augustini
1070 4773 1192 4836 meritis

706 4870 707 4874 ¹
817 4877 891 4945 coeli
912 4876 1056 4942 fruamur
1077 4875 1214 4960 gaudiis.

142 4986 235 5067 Quod
257 4986 367 5067 lingua
390 4984 468 5047 soris
486 4994 659 5068 personat,

139 5096 225 5158 intus
248 5091 383 5155 affectus
407 5092 534 5173 sentiat,

139 5215 203 5262 nec
223 5196 339 5259 imitari
361 5195 488 5278 pigeat,

109 5299 229 5428 ff
251 5300 384 5364 laudare
406 5317 496 5363 mens
519 5303 688 5383 approbat.

722 5094 763 5157 10
816 5094 951 5176 Praesta,
972 5101 1067 5176 pater
1089 5094 1233 5177 piissime
1251 5106 1312 5160 etc.
