3250 6517
321 1323 409 1402 726.
444 1323 610 1424 Hymnus
637 1322 681 1396 de
702 1349 730 1396 s.
756 1324 883 1398 Marco
909 1324 1134 1425 evangelist&

231 1529 337 1596 Mater
358 1528 415 1594 illa
436 1528 531 1612 prola
554 1526 715 1610 quondam
738 1527 818 1593 fetu
835 1528 915 1593 felix
935 1528 1073 1612 Sueviu,

232 1653 294 1715 qua
315 1630 481 1697 Ratoltum
503 1631 691 1715 procreavit
711 1631 745 1693 in
766 1629 904 1695 salutem
928 1632 1060 1713 civium,

232 1754 295 1820 quo
316 1755 378 1819 per
402 1754 508 1799 sevum
529 1733 695 1798 effloreret
715 1734 789 1818 ipso
811 1741 906 1817 patre
928 1735 1053 1818 patriae.

231 1919 357 1986 Praesul
379 1920 449 2003 ipse
473 1918 547 1983 dum
569 1918 711 1983 Veronae
735 1918 859 1983 civitati
880 1918 1028 2002 praeluit,

229 2024 277 2089 sic
297 2022 445 2106 gerendo
468 2023 632 2087 serviebat
654 2021 804 2086 saeculari
826 2019 953 2104 debito,

230 2132 266 2191 ut
286 2127 437 2210 supernis
458 2127 632 2191 interesset
653 2134 761 2190 mente
782 2144 914 2209 semper
936 2123 1071 2208 gaudiis.

230 2315 304 2400 lpse
326 2315 456 2380 flamma
478 2313 622 2377 cantatis
643 2312 725 2378 fovit
746 2330 858 2377 omues
880 2315 1067 2398 proximos,

229 2419 302 2502 plus
325 2416 385 2481 sed
407 2416 462 2480 uni
485 2415 585 2482 corde
606 2413 674 2480 fido
696 2416 799 2500 stirps
821 2415 886 2483 civi
909 2416 1041 2482 Veneto

230 2518 386 2602 singulari
408 2518 501 2603 pacis
522 2517 618 2582 lraesit
638 2517 825 2583 inremissu's
846 2519 987 2584 vinculo.

229 2708 367 2790 Jamque
390 2723 499 2770 secum
522 2704 728 2769 conferentes
749 2706 853 2770 verba
874 2713 983 2769 mutua

230 2810 457 2895 provocabant
479 2808 682 2889 alterutrum,
705 2824 788 2871 voce
811 2814 895 2871 teste
918 2805 1078 2890 prodere,

231 2916 325 3001 quale
346 2934 503 2979 summum
526 2931 639 2978 munus
661 2913 745 2977 alter
763 2912 985 2979 commodaret
1006 2913 1109 2980 alteri.

230 3103 309 3171 llaeo
329 3103 467 3189 recepti
487 3103 675 3188 postulandi
697 3103 831 3201 optione¹
850 3103 998 3186 pontifex

232 3217 459 3291 comprecatus
481 3215 532 3270 est
553 3224 719 3271 sacrorum
741 3212 838 3287 grata
861 3204 947 3270 dona
969 3207 1158 3290 pignerum,

231 3310 391 3375 aestimata
413 3310 622 3393 congruentis
644 3308 823 3391 quantitate
845 3308 951 3391 pretii
1001 3394 1004 3400 Ι

230 3498 409 3583 Adquievit
431 3496 515 3561 fidus
536 3497 592 3560 ille
613 3495 757 3581 pactioni
779 3498 905 3579 socius,

232 3611 346 3668 cuncta
368 3598 534 3685 spondens
556 3617 592 3663 se
616 3606 748 3682 patrare
770 3606 850 3683 aptu
872 3600 957 3664 votis
979 3601 1063 3666 illius

230 3705 262 3769 in
282 3722 419 3770 recursu
440 3703 587 3768 annualis
608 3701 762 3767 denotato
786 3705 950 3787 temporis.

232 3891 288 3959 Sic
309 3901 447 3975 uterque
470 3893 545 3958 hinc
567 3899 709 3956 remotus
732 3909 768 3954 se
791 3894 917 3976 recepit
939 3893 972 3956 in
995 3912 1054 3959 sua

230 4015 420 4082 praeparans
444 4015 481 4061 se
504 3994 545 4060 ad
568 3996 679 4059 statuti
700 3995 899 4059 sanctionem
921 3999 1076 4079 muneris,

230 4119 270 4164 ne
292 4101 371 4183 quid
393 4102 457 4166 illis
479 4101 513 4164 in
534 4098 695 4182 promisso
717 4097 912 4164 redderetur
934 4101 1068 4164 irritum.

230 4286 317 4355 Eoos
340 4290 469 4355 tandem
492 4298 581 4354 astra
604 4291 737 4354 vincens
759 4289 817 4352 lux
838 4304 955 4350 serena
977 4285 1156 4370 splenduit,

231 4411 301 4457 cum
323 4392 431 4456 tidelis
453 4410 592 4476 sponsor
615 4393 669 4456 ille
692 4391 786 4455 dulce
808 4408 924 4453 munus
948 4389 1067 4471 attulit,

231 4496 334 4580 majus
354 4497 430 4578 illo,
454 4495 542 4578 quod
562 4516 623 4580 per
644 4497 753 4578 ignem
772 4496 886 4560 transit
909 4514 989 4560 auro
1014 4496 1143 4579 optimo.

233 4681 403 4766 „Corpus,
426 4685 544 4764 iuquit,
567 4701 645 4746 ecce
668 4683 773 4747 Marci
794 4682 858 4748 hoc
880 4703 960 4748 vere
986 4684 1146 4768 theologi,

229 4793 299 4850 arlo
322 4785 423 4849 multd
445 4794 479 4850 et
500 4786 613 4850 laboro
637 4793 857 4868 comparatum
880 4787 1010 4869 accipe,

229 4890 290 4956 sod
310 4889 466 4975 repressa
487 4891 618 4955 notione
641 4897 706 4955 tam
728 4888 866 4953 verendi
887 4886 1058 4954 nominis.“

228 5079 435 5166 Suspicatus,
459 5089 529 5146 arte
551 5101 594 5146 na
616 5101 681 5163 qua
702 5081 883 5162 luderetur,
907 5078 1055 5164 pontifex

227 5206 294 5255 non
314 5187 442 5272 recepit
463 5187 555 5268 illud,
578 5194 654 5251 anta
677 5205 772 5268 quam
794 5181 935 5267 probata
956 5201 994 5246 re
1015 5180 1098 5246 fides

228 5294 354 5361 visione
377 5300 461 5359 teste
483 5310 579 5360 curas
601 5290 716 5358 mentis
739 5282 851 5353 omnes
873 5291 1028 5369 tergeret.
