3250 6517
579 1273 666 1347 838.
704 1274 763 1345 De
789 1296 817 1344 s.
843 1271 1048 1345 Benedieto.

323 1474 466 1561 Christe,
490 1477 536 1541 fili
557 1477 639 1543 Jesu
662 1476 790 1559 summi,
814 1483 937 1541 mentes
960 1484 1087 1541 nostras
1108 1476 1223 1559 visita,

324 1582 501 1665 ooaequalis
522 1583 609 1665 patri
630 1590 729 1664 atque
751 1588 828 1645 nato
851 1581 935 1645 alme
959 1580 1105 1664 spiritus,

326 1703 390 1750 nnn
411 1685 528 1768 virtus,
550 1685 659 1749 lumen
682 1703 794 1764 unum,
817 1683 898 1747 dens
920 1701 1041 1768 perpes
1064 1703 1106 1748 ex
1128 1682 1202 1747 deo.

324 1851 423 1939 Auge
445 1852 542 1921 fidem
564 1875 679 1940 puram
702 1855 822 1920 nostris
844 1873 973 1935 semper
991 1855 1133 1919 olemens
1156 1854 1318 1937 sensibus,

295 1948 301 1958 ⁴
325 1976 389 2040 quo
411 1959 499 2023 beati
520 1955 688 2022 Benedicti
711 1956 853 2022 colamus
876 1957 1060 2038 sollemnia,
1426 1955 1442 2014 t

325 2067 361 2124 ut
384 2061 563 2144 exemplum
586 2060 632 2144 pii
652 2060 755 2144 patris
777 2079 818 2123 ne
842 2059 926 2123 desit
950 2058 1134 2142 discipulis3

326 2229 427 2307 Quem
450 2228 578 2293 donasti
600 2237 671 2310 tuo,
695 2228 841 2312 Christe,
865 2231 988 2295 ooelesti
1012 2248 1083 2295 oum
1105 2250 1254 2313 munere,

325 2341 361 2397 ut
382 2332 537 2396 honorem
559 2331 668 2396 mundi
691 2350 816 2396 omnem
838 2342 945 2397 mente
967 2331 1222 2416 lloooipenderet

325 2442 422 2516 teque
445 2434 549 2498 solum
571 2433 692 2498 iontem
719 2435 795 2499 vitat
819 2435 971 2517 diligeret
993 2436 1146 2519 perpetis.

325 2603 421 2670 Alme
445 2603 567 2669 Christi
588 2606 775 2690 sempiterni
795 2604 971 2672 Benediote
996 2607 1180 2689 ooniessor,
1414 2601 1446 2664 11

325 2730 395 2775 enm
419 2710 537 2776 ceteris
561 2708 614 2773 dei
636 2711 756 2775 sanetis
778 2730 864 2776 nuno
885 2729 946 2795 pro
970 2713 1063 2777 nobis
1085 2711 1235 2795 supplies

327 2812 473 2892 Christo,
497 2831 561 2896 quo
585 2813 736 2897 dignetur
758 2832 832 2878 esse
855 2815 1000 2897 peccatis
1022 2814 1191 2899 propitius.

325 2980 419 3048 Doxa
441 2983 504 3048 deo
527 2985 614 3068 patri
636 2984 750 3049 trinam
773 2985 816 3048 sit
837 2986 963 3067 regenti
986 2983 1164 3050 maehinam

327 3087 461 3169 ejusque
486 3088 571 3168 proli
592 3087 663 3151 laus
685 3105 805 3171 perpes
829 3106 890 3153 neo
912 3105 976 3151 non
1000 3097 1112 3153 saneto
1134 3090 1319 3173 pneumati,

326 3189 417 3252 trinis
441 3189 555 3270 quibus
578 3188 611 3252 in
633 3190 782 3273 personis
804 3199 922 3273 regnat
942 3211 1007 3256 nna
1029 3189 1142 3256 deitas.
1416 3186 1446 3249 15

259 3347 306 3403 Hs.
324 3364 360 3402 nu
377 3347 533 3418 stuttgart,
552 3348 679 3404 Breviar.
700 3349 753 3405 No.
772 3350 815 3404 98.
835 3353 866 3402 11
885 3349 983 3405 Jahrln
1005 3352 1056 3408 mit
1073 3352 1212 3420 Nemee,
1236 3368 1289 3408 ans
1306 3349 1447 3409 zwifalten

169 3433 217 3490 ils.
236 3450 271 3489 zu
287 3435 433 3517 minolon,
452 3433 520 3491 clm.
541 3435 634 3490 tosti.
653 3434 702 3490 des
721 3438 755 3489 15
772 3435 871 3492 Jeltrlr.
891 3438 954 3506 (B).
989 3438 1088 3494 Dieses
1105 3439 1160 3494 und
1178 3440 1231 3496 das
1249 3438 1379 3514 folgende
1394 3433 1446 3493 lid

169 3521 233 3578 sind
254 3537 305 3577 sus
323 3521 373 3576 der
390 3526 484 3576 ersten
502 3519 599 3577 flilfte
617 3522 667 3577 des
685 3520 878 3595 mittelalters,
896 3525 1132 3581 wahrseheinliolr
1150 3544 1201 3583 sus
1220 3528 1282 3585 dem
1300 3530 1319 3584 6
1334 3526 1420 3584 deliri.

257 3647 419 3715 'ltempore
436 3639 456 3698 ίί
474 3643 593 3716 Christe,
611 3645 642 3700 Β.

428 3926 515 4001 839.
554 3926 612 3998 De
636 3952 664 3998 s.
691 3926 896 4003 Benedieto.
933 3929 980 4001 od
1005 3941 1207 4005 nocturnos

169 4147 293 4231 Magno
316 4154 469 4213 canentes
492 4167 598 4212 annua
844 4149 1045 4234 resplenduit
1068 4150 1243 4235 prodigiis,

168 4268 255 4316 nune
276 4249 453 4314 Benedioto
476 4252 602 4316 cantito
843 4260 982 4316 ventura
1003 4252 1102 4316 seclo
1124 4253 1317 4337 praeeinens.

167 4354 312 4420 muamm
333 4351 429 4436 liujus
451 4353 584 4437 inolytm

167 4454 353 4522 festivitatis
375 4454 512 4537 gaudiis.
761 4531 771 4550 ο
842 4438 916 4504 Non
940 4449 1015 4504 ante
1037 4440 1143 4506 saeofls
1166 4443 1329 4526 eognitum

844 4551 941 4608 nootu
954 4543 1054 4626 jubar
1075 4544 1260 4630 effulserat,

168 4643 231 4724 Qui
253 4643 342 4709 fulsit
360 4651 395 4708 nt
417 4641 505 4707 sidus
528 4662 645 4710 novum
771 4650 791 4712 5
845 4662 908 4728 qno
930 4652 1017 4710 totns
1040 4648 1129 4711 orbis
1150 4649 1296 4713 oernitur
1412 4636 1439 4702 ¹⁵

166 4747 328 4814 mundana
350 4747 476 4831 pellens
498 4748 616 4831 nubila,
844 4746 972 4812 ethaeo
994 4756 1082 4812 terra
1105 4749 1312 4834 oonspioitur.

166 4853 275 4919 astatis
296 4851 369 4935 ipso
390 4851 499 4916 limine

168 4953 322 5038 mm
342 4953 407 5017 „vi
428 4951 554 5018 florida,
844 4935 896 5004 Sit
917 4938 1051 5003 trinitati
1073 4939 1193 5023 gloria,

843 5045 885 5109 sit
908 5061 1029 5125 perpes
1051 5050 1085 5109 et
1106 5042 1302 5127 suolmttm,

167 5138 396 5207 Miraoulorum
418 5149 606 5225 praepotens
844 5164 917 5227 quae
939 5152 1004 5208 tam
1025 5144 1191 5211 looernem
1209 5145 1366 5234 fulgide!

166 5252 306 5311 attactus
330 5246 413 5311 almo
436 5245 563 5309 flamine
750 5247 789 5310 10
843 5247 977 5313 donavit
997 5257 1108 5315 nostro
1131 5251 1266 5319 saeonlo.
1414 5239 1446 5306 ²⁰
