3250 6517
166 904 231 987 ’πθ

252 1103 300 1158 lls.
319 1120 354 1158 au
372 1101 472 1169 liuius,
490 1102 562 1173 Aug.
581 1099 634 1155 No.
651 1101 713 1156 439.
730 1098 775 1156 sl
787 1101 849 1155 201.
867 1097 916 1154 des
930 1102 964 1153 lo
977 1099 1077 1155 oraro.
1112 1098 1143 1155 ln
1160 1098 1397 1172 llernnlng
1414 1114 1468 1157 m

167 1191 286 1247 Gemens
313 1207 349 1245 su
371 1188 538 1261 wirsburg
561 1188 590 1244 8,
608 1189 664 1244 ooo
688 1190 767 1245 steht
792 1187 884 1243 dieser
910 1185 980 1242 Lierl
1003 1187 1076 1243 suelr
1101 1202 1154 1242 aua
1180 1186 1244 1243 den
1270 1186 1469 1261 liutara«

168 1277 293 1332 Brevier.

253 1399 382 1471 aglom,
399 1399 447 1454 lls.
466 1398 539 1455 uach
556 1398 608 1455 rler
625 1397 804 1472 Selrreibung
822 1396 871 1452 des
890 1397 1078 1454 mittelalters
1122 1400 1267 1468 lspsuu
1284 1393 1305 1453 i.
1324 1410 1402 1469 spet-
1420 1396 1465 1453 k

167 1487 317 1556 nonnosi,
334 1487 382 1544 lls

254 1641 338 1697 lliess
361 1644 379 1697 3
401 1639 501 1697 Lieoler
523 1640 575 1696 llo.
599 1640 736 1697 895-97
757 1638 819 1695 siml
843 1642 975 1712 Ausarige
1001 1638 1059 1695 uutl
1081 1638 1366 1711 uenerameiturger
1390 1638 1463 1697 ens

167 1729 242 1783 noolr
259 1728 455 1784 unbekannten
475 1726 632 1800 originale,
667 1725 760 1781 haben
784 1726 872 1781 daher
895 1726 1011 1782 manahe
1032 1726 1124 1780 verse
1146 1724 1205 1781 uuol
1227 1724 1396 1781 summere
1417 1726 1463 1784 nlo

167 1814 302 1869 einander
319 1813 430 1887 gemein
447 1814 504 1869 und
521 1813 567 1870 (lie
586 1811 770 1882 strophisnhe
788 1812 899 1884 Aulsge
923 1812 962 1868 ist
978 1811 1065 1867 durolr
1083 1810 1131 1866 (lis
1147 1812 1281 1884 sunum
1298 1812 1462 1883 verdunen,

166 1902 321 1959 besonders
343 1901 373 1957 in
396 1901 449 1957 No.
468 1902 521 1957 895
538 1899 594 1957 null
611 1900 654 1955 im
689 1899 741 1955 llis
764 1899 837 1955 uwel
859 1904 956 1956 ersten
978 1899 1071 1955 Versa
1093 1899 1222 1955 keneu
1246 1898 1293 1955 sls
1315 1900 1461 1957 suurn

165 1990 235 2044 auelr
254 1989 282 2043 in
300 1986 452 2061 folgeuder
470 1988 523 2044 llo.
540 2004 609 2058 vor,
640 1987 774 2044 scheinen
799 1986 862 2042 also
889 2003 924 2042 ru
948 1986 1037 2043 einem
1062 1986 1129 2043 sehr
1151 1984 1313 2043 mutuom
1330 1986 1414 2045 laeda
1429 2002 1461 2045 n

164 2076 298 2146 geleiten.

251 2230 302 2284 lile
320 2231 367 2285 llo.
386 2228 431 2298 lV,
449 2231 485 2285 38
503 2246 537 2283 ru
555 2228 584 2283 S.
602 2228 687 2284 Peter
706 2229 737 2284 in
750 2228 895 2303 salzburg
912 2227 1021 2283 ermen
1038 2230 1080 2286 Bl
1100 2230 1152 2284 106
1170 2229 1216 2285 ein
1233 2227 1304 2284 niel
1322 2224 1459 2283 suluisse

165 2316 276 2387 lleilige
294 2333 346 2372 aus
363 2316 424 2372 dem
443 2319 478 2371 14
495 2315 594 2372 lanrn
612 2314 663 2372 mit
680 2316 837 2373 ihullohem
855 2313 984 2388 Aulaug:

269 2404 293 2460 0
311 2403 469 2475 margarita
485 2403 614 2473 pretiose
870 2407 955 2474 pstor
971 2403 1086 2472 Dortus,
1104 2407 1194 2459 nater
1210 2404 1301 2475 Thea,

270 2497 299 2549 et
316 2491 590 2547 virtutumvvernans
608 2505 677 2546 rosa
873 2490 915 2544 sie
932 2495 1051 2546 vocatus
1069 2490 1106 2561 (l.
1124 2491 1256 2562 roario)
1274 2491 1417 2549 nummu

307 2585 471 2634 senatorum
488 2594 594 2650 genere
923 2583 1100 2650 congregato
1119 2579 1239 2635 nomine.

437 2933 526 3007 898.
551 2931 610 3003 Ile
636 2955 664 3002 s.
688 2927 872 3001 Dorothes
895 2930 1039 3029 virgine.
1077 2929 1201 3003 oratio.

331 3170 439 3237 Primo
460 3171 634 3253 columpna.
842 3164 943 3231 Salve
967 3184 1045 3231 earu
1066 3183 1188 3249 sponsa
1210 3162 1352 3249 Christi,

841 3269 946 3351 primo
968 3284 1067 3350 passa
1089 3267 1138 3333 sio
1159 3266 1267 3350 luisti,

843 3368 995 3433 tribunali
1018 3369 1247 3452 praesentaris,

844 3493 864 3538 a
886 3471 1044 3556 praeieoto
1066 3472 1248 3557 tribularis;

166 3333 266 3400 Salve
289 3340 401 3397 saneta
423 3330 589 3396 Dorotheou
596 3379 605 3413 ,

167 3434 243 3500 andi
266 3451 376 3515 quaeso
399 3442 477 3497 vota
499 3453 586 3514 mea,

166 3546 201 3603 ¹¹1
223 3555 372 3601 ‘mamm
394 3533 559 3653 ”fffflqwo
843 3576 929 3654 vult,
952 3581 987 3638 nt
1009 3574 1138 3639 thorum
1160 3574 1368 3660 conjugalem
1416 3570 1468 3635 ²⁵·

165 3638 374 3704 memorando
395 3637 549 3702 devotrve
844 3695 953 3741 mum
970 3676 1071 3741 imre,
1093 3685 1128 3742 et
1149 3679 1317 3745 carnalem

165 3753 231 3811 tuae
252 3743 413 3827 passionis
436 3758 595 3822 normam,
770 3742 790 3801 5
844 3777 956 3863 ,prem
977 3777 1099 3845 chrispi
1121 3780 1169 3846 ,50
1190 3781 1320 3849 ,ulma

166 3842 403 3929 conplectendo
424 3849 525 3909 totam
547 3841 696 3923 formam,
845 3882 1024 3947 simulacri,
1046 3883 1217 3949 servitum·

167 3967 300 4034 prauum
323 3964 468 4029 quoque,
490 3964 572 4027 quas
595 3942 705 4009 fudisti

165 4052 198 4115 in
220 4068 344 4134 agone,
367 4048 440 4114 dum
464 4049 570 4113 vicisti

165 4170 228 4237 pro
249 4151 355 4216 salute
376 4157 587 4236 peccatorum

165 4264 199 4321 et
220 4255 369 4340 proleotu
391 4261 611 4339 posterorum,
750 4248 792 4312 10

165 4358 193 4423 si
215 4359 269 4441 qui
292 4365 357 4423 tuae
379 4356 540 4440 passionis

166 4458 272 4522 studio
295 4457 478 4522 devotionis

165 4567 303 4644 agerent
323 4559 510 4623 memoriale

165 4682 281 4729 nomen
305 4681 345 4728 ao
366 4662 573 4746 perpetuale,

167 4773 203 4831 nt
224 4765 392 4830 mundanis
415 4765 447 4827 in
471 4765 634 4848 pressuris
752 4766 791 4826 15

847 3985 902 4070 eja
923 3986 1019 4068 virgo
1042 3986 1211 4068 timorosa,

843 4091 929 4154 intus
951 4098 1045 4155 extra
1067 4092 1232 4175 speciosa,
1412 4078 1468 4165 ⁸⁸³:

845 4209 952 4256 nonne
974 4198 1011 4256 tu
1031 4175 1120 4257 luisti
1140 4210 1242 4276 pessa

845 4301 879 4359 et
900 4293 1094 4361 cordetenus
1117 4294 1326 4378 conquassat

844 4400 907 4463 ista
929 4418 1026 4481 poena
1049 4397 1201 4463 oordialis

844 4519 924 4564 vere
947 4498 1005 4564 luit
1027 4500 1243 4583 tormentalis,

845 4603 917 4687 quis
941 4619 1006 4667 non
1028 4601 1144 4667 credat
1164 4611 1231 4667 tam
1253 4604 1397 4670 tenellam
1412 4588 1439 4657 ³⁵

845 4724 920 4771 esse
943 4712 1061 4769 tortam
1084 4713 1159 4770 tuno
1181 4706 1349 4789 puellaml

845 4806 1024 4890 coaptatur
1048 4806 1121 4871 huie
1143 4813 1279 4871 torturae

844 4910 923 4975 illml
946 4909 1033 4993 quod
1054 4909 1162 4995 petisti
1186 4931 1284 4998 pure,

845 5020 998 5077 constans
1020 5011 1116 5094 virgo
1138 5010 1293 5080 deflorari

165 4887 375 4953 personarum
398 4875 432 4933 et
452 4869 584 4932 torturis
645 4947 650 4955 .

165 4989 276 5036 omues
298 4972 344 5036 illi
367 4971 572 5036 salvarentur

165 5085 199 5140 et
221 5080 253 5139 in
275 5094 358 5161 paee
381 5080 600 5153 struerentur,

165 5197 282 5263 preoes
304 5178 377 5242 illas
400 5177 453 5243 feo
474 5177 594 5241 mereri

166 5290 199 5345 et
221 5300 294 5347 cum
312 5280 410 5363 justis
433 5301 493 5347 uos
516 5281 650 5348 censeri.
749 5282 792 5346 20
845 5277 946 5345 Salve
968 5281 1112 5367 prudens
1135 5284 1314 5373 advocata,

845 5117 933 5200 quod
954 5132 1019 5182 non
1041 5116 1146 5202 possit
1167 5119 1222 5183 vel
1245 5117 1389 5207 stuprari
1414 5104 1441 5176 lt
1465 5164 1468 5171 .
