3250 6517
207 909 275 972 ddi

210 1089 261 1145 sed
276 1103 335 1144 sou
352 1088 512 1159 tyrannidis
536 1103 615 1144 asum
642 1087 774 1159 deposuit
796 1093 828 1144 et
852 1088 916 1144 vies
941 1102 994 1144 ιιι
1012 1086 1205 1145 &utentium
1227 1085 1322 1143 virm
1338 1084 1506 1141 nit'msirsn
1545 1148 1546 1157 χ

209 1175 311 1243 ltaliae,
337 1173 452 1231 Africae
475 1180 506 1230 et
524 1174 625 1231 tialliie
647 1181 797 1246 angustum
821 1190 885 1231 esse
912 1173 1064 1231 constituit
1099 1173 1217 1231 &lenio
1231 1188 1305 1229 vero
1323 1176 1429 1229 ceter·
1445 1187 1506 1243 prs-
1544 1196 1546 1243 q

210 1261 311 1316 vincia
345 1260 485 1332 delegatae
518 1265 591 1317 sunt.
644 1261 702 1317 Sed
724 1261 907 1318 Constantius
932 1259 1032 1319 Galliis
1059 1259 1257 1331 ll'mpuiisqu
1286 1261 1437 1315 mm
1461 1257 1506 1313 sss

209 1363 313 1420 magna
337 1346 547 1403 mansuetudine
578 1347 756 1419 gubernabat
782 1354 811 1403 et
837 1347 973 1403 ecclesias
997 1346 1044 1403 dei
1068 1347 1157 1402 sullis
1179 1345 1320 1404 molestiis
1349 1341 1505 1401 infestabat

208 1450 325 1506 cumque
343 1434 434 1490 adbuc
451 1434 618 1491 liaaimiano
636 1435 748 1490 vivente
772 1434 803 1489 iu
826 1434 986 1491 Brittannia
1012 1433 1086 1489 diem
1111 1432 1221 1502 obiret,
1244 1430 1435 1490 munuum
1450 1426 1506 1487 ilis
1543 1490 1546 1497 ι

208 1539 262 1577 auo
288 1521 449 1592 provincias
476 1522 588 1577 easdem
611 1521 751 1594 regendas
775 1520 933 1592 dereliquit
968 1521 1016 1593 qai
1033 1519 1212 1578 confortatus
1230 1520 1259 1573 in
1276 1517 1415 1590 imperio,
1446 1517 1503 1573 du

208 1608 291 1680 regni
308 1607 417 1664 romani
433 1609 623 1663 monarchiam
641 1625 693 1679 per
710 1608 787 1664 bella
806 1608 926 1665 maxima
943 1608 1126 1679 optinuisset,
1150 1606 1263 1679 legibus
1281 1604 1446 1663 cumam
1463 1619 1504 1660 ιι-

208 1696 325 1768 ligionis
350 1712 403 1767 per
431 1697 541 1751 beatum
559 1697 727 1753 silvestrum
753 1712 857 1767 papam
880 1697 1006 1753 initiatus
1024 1695 1194 1753 tunsone
1211 1694 1329 1751 Helene
1346 1691 1432 1749 unu·
1449 1705 1501 1746 su

209 1782 367 1838 honorandi
388 1788 417 1837 et
435 1782 602 1838 sublimandi
619 1790 779 1839 sanctorum
797 1790 953 1855 martyrum
970 1783 1132 1855 sepulturas
1146 1782 1196 1854 jus
1219 1784 1250 1835 et
1263 1783 1435 1850 potestaten
1449 1776 1504 1847 ipss

209 1886 261 1941 per
279 1885 387 1925 omnem
404 1885 485 1940 paene
503 1876 607 1924 terram
622 1871 721 1925 eodem
739 1869 832 1926 studio
851 1875 1005 1942 occupatus
1023 1866 1201 1926 contradidit
1236 1865 1327 1939 cujus
1345 1865 1401 1921 deo
1417 1864 1500 1936 dign

208 1961 345 2012 matronae
368 1956 396 2010 in
421 1957 497 2011 beati
514 1956 648 2012 Gereonio
672 1956 844 2011 monasterio
862 1956 953 2011 adbuc
971 1956 1093 2028 plurima
1110 1956 1297 2009 reservantur
1313 1951 1450 2025 iusignia,
1476 1956 1502 2005 et

209 2042 301 2113 qualis
325 2042 388 2112 ipsa
411 2040 511 2118 fuerit,
543 2047 682 2097 testantur
706 2042 808 2097 ibidem
831 2042 907 2113 apud
930 2043 994 2115 ejus
1016 2041 1180 2097 memoriam
1197 2038 1302 2095 crebro
1322 2038 1445 2109 repetita
1459 2036 1502 2091 ni·

210 2127 316 2183 racnla.

297 2213 376 2268 Fecit
398 2227 467 2266 sane
494 2213 567 2267 inter
591 2212 713 2283 plurima
731 2214 899 2285 spectabilia
916 2231 976 2270 sua
994 2214 1154 2271 devotionis
1172 2227 1263 2283 opera
1280 2227 1369 2284 super
1386 2210 1499 2287 ejusde·

210 2298 302 2354 sancti
320 2299 454 2369 martyris
472 2298 666 2370 sociorumque
685 2302 749 2371 ejus
768 2317 909 2372 corpora,
927 2301 976 2357 nbi
993 2303 1078 2357 etiam
1091 2316 1177 2371 supra
1193 2297 1343 2354 memorati
1361 2314 1385 2353 s.
1399 2295 1500 2353 huri*

210 2390 351 2456 martyres
369 2385 406 2439 ad
423 2384 568 2457 singulare
585 2386 758 2441 moerentium
776 2392 805 2441 et
819 2384 1015 2443 infirmantium
1028 2385 1209 2459 refrigerium
1223 2388 1356 2455 pausant,
1374 2382 1500 2455 insignem

211 2472 367 2543 neminique
384 2486 503 2541 prorsus
523 2471 570 2525 vel
588 2472 749 2527 sententia⁵
767 2474 905 2529 sermonis
923 2472 1134 2544 explicabilem,
1158 2470 1205 2526 rel
1224 2475 1288 2526 arte
1307 2470 1405 2541 operis
1422 2470 1500 2525 imita-

211 2557 296 2613 bilem
314 2563 464 2614 structurae
482 2554 608 2613 miridcae
621 2564 655 2613 et
673 2559 799 2614 sublimis
818 2560 976 2628 ecclesiam,
993 2575 1077 2630 quam
1094 2561 1136 2614 ita
1152 2556 1333 2613 metallorum
1351 2553 1463 2629 fulgore
1477 2558 1503 2611 et

210 2643 324 2703 artificii
341 2645 481 2702 varietate
499 2647 664 2714 decoravit,
695 2648 781 2703 muris
799 2647 884 2704 etiam
902 2648 1005 2704 validis
1024 2653 1053 2703 et
1070 2646 1190 2702 excelsis
1208 2641 1348 2713 firmavit,
1380 2648 1412 2699 ut
1427 2640 1503 2699 nield

211 2750 298 2806 supra
319 2749 371 2805 per
398 2750 495 2788 omnes
522 2733 588 2788 illas
618 2733 750 2807 regiones
778 2735 826 2790 vel
853 2732 940 2790 fuisse
967 2735 1016 2790 vel
1034 2733 1157 2789 futurum
1175 2748 1239 2787 esse
1256 2730 1367 2787 celebri
1384 2740 1503 2787 mnaseas

210 2819 328 2877 feratur.
364 2825 471 2891 preter
495 2820 570 2891 quod
595 2820 717 2891 ligneam
741 2820 879 2892 aliquam,
910 2820 958 2876 rel
976 2837 1038 2893 quae
1057 2817 1143 2876 facile
1162 2818 1243 2874 senio
1263 2817 1313 2873 vel
1330 2814 1505 2891 negligentia

210 2908 309 2976 cedat,
340 2907 486 2963 materiam
511 2907 642 2962 babuisse
669 2912 805 2979 negatur,
833 2923 895 2963 cum
912 2923 1078 2964 marmoreae
1096 2905 1250 2964 soliditatis
1273 2904 1315 2961 ibi
1332 2910 1416 2961 tanta
1432 2900 1506 2973 ιιρ

210 2993 311 3065 fuerit,
342 3000 374 3050 nt
398 3011 468 3065 opus
493 3000 582 3049 totum
606 2994 817 3065 columpnarum
840 2994 918 3052 illius
942 2994 1055 3067 generis
1073 2991 1241 3049 firmitudine
1259 2998 1290 3048 et
1306 2988 1507 3062 pulchritudine

211 3081 367 3139 fulciretur.
400 3080 478 3135 aurei
501 3096 571 3137 vero
596 3077 719 3152 fulgoris
743 3086 851 3137 tautum
868 3081 897 3135 in
914 3098 950 3137 ea
967 3080 1093 3150 emicuit,
1120 3087 1151 3136 ut
1169 3079 1278 3136 musiva
1296 3076 1370 3134 foris
1394 3083 1425 3134 et
1440 3078 1507 3132 nt·

211 3166 325 3240 fulgens
349 3166 493 3238 elegantia
517 3183 618 3222 nomen
635 3166 671 3222 ad
688 3184 784 3224 aureos
800 3173 903 3225 sanctos
921 3169 1081 3224 sortiretur.
1117 3169 1185 3235 oue
1203 3167 1269 3238 quia
1286 3182 1340 3238 per
1357 3182 1391 3221 ιο
1407 3178 1509 3220 nmmo

210 3271 306 3311 rerum
327 3252 439 3309 auctori
462 3251 578 3322 placere
602 3270 658 3309 non
681 3256 788 3325 potuit,
821 3262 851 3311 ot
874 3254 965 3311 adbuc
988 3255 1106 3326 amplius
1130 3259 1160 3309 et
1177 3252 1288 3326 dignim
1308 3251 1510 3323 resplenderet,

210 3340 338 3413 plurimis
365 3339 474 3394 idoneis
507 3339 599 3395 landis
626 3341 729 3397 divinae
756 3343 935 3413 praeconibus
962 3349 993 3398 et
1018 3340 1182 3397 ministeriis
1208 3339 1263 3395 sibi
1290 3337 1510 3411 congruentibus

211 3428 350 3484 adornata
367 3431 419 3480 est

298 3514 388 3586 Igitur
415 3530 437 3567 a
462 3512 605 3569 blaternas
627 3513 806 3570 Trevirorum
834 3515 984 3588 episcopus
1008 3515 1173 3587 Agrippinae
1200 3512 1330 3571 colonien
1365 3510 1511 3567 ecclesiam

211 3600 317 3672 primus
335 3604 434 3671 pastor
452 3597 546 3669 dignis
563 3599 763 3671 gubernaculis
781 3602 863 3659 rexit.
888 3603 971 3675 cnjus
988 3602 1076 3657 vitam
1093 3601 1188 3657 multis
1206 3600 1343 3656 claruisse
1360 3596 1510 3655 virtutibus

211 3694 357 3763 gestorum
383 3687 446 3760 ejus
477 3687 583 3758 scripta
610 3695 836 3744 commemorant
870 3691 946 3756 tuias
972 3690 1049 3746 sedis
1075 3690 1211 3759 antistes,
1242 3689 1317 3744 nobb
1333 3686 1509 3759 cognitorum

211 3777 320 3844 tertius,
338 3772 430 3831 sancti
443 3774 572 3830 Severini
591 3771 764 3830 confessoris
779 3774 884 3831 Christi
901 3791 1057 3846 successor,
1076 3777 1186 3832 nomine
1198 3774 1376 3847 Euergielus,
1397 3773 1510 3844 quade!

212 3864 258 3920 die
283 3863 347 3919 dnm
372 3861 474 3932 capitis
500 3860 602 3916 dolore
628 3860 740 3915 nimium
767 3862 908 3917 crncmtus
932 3861 968 3918 ad
994 3862 1155 3919 memoriam
1179 3862 1332 3918 beatorum
1358 3866 1510 3931 martyra·

212 3951 350 4009 Gereonis
377 3955 406 4005 ct
430 3949 570 4005 sociorum
594 3948 658 4021 ejus
682 3953 792 4004 oratum
817 3950 967 4006 accederet
990 3957 1019 4006 et
1042 3950 1133 4006 adbuc
1150 3952 1179 4005 in
1197 3949 1288 4006 sancti
1305 3948 1384 4003 illius
1401 3950 1511 4005 wasa

211 4040 341 4096 indicium
362 4038 506 4110 fastigium
524 4035 631 4091 nullum
649 4035 816 4106 excelleret,
848 4038 1016 4093 versiculum
1039 4039 1068 4093 in
1086 4039 1196 4095 landem
1214 4040 1378 4093 sanctorum
1395 4034 1451 4091 dici
1467 4048 1508 4089 se·

211 4128 303 4184 litum:
327 4126 480 4181 emundant
495 4126 577 4178 sancti
594 4126 622 4178 io
637 4124 731 4193 glorio,
749 4122 911 4195 ingrediens
929 4124 957 4179 in
975 4124 1122 4180 ecclesiam
1141 4122 1293 4181 inchoavit.
1321 4121 1367 4177 cui
1384 4120 1507 4193 protinus

211 4231 246 4270 ea
263 4213 316 4268 illo
333 4210 490 4268 venerabili
503 4215 665 4267 sanctorum
683 4225 835 4281 corporum
853 4211 942 4282 adyto
959 4228 1127 4284 responsum
1144 4217 1201 4268 est:
1220 4209 1376 4267 letabuntur
1393 4212 1421 4264 iss
1437 4206 1504 4263 estt-

211 4303 275 4357 libus
292 4305 352 4357 suis.
387 4299 469 4366 Quod
487 4313 548 4353 com
566 4293 693 4368 pontifex
709 4294 884 4368 stupefactus
901 4298 1019 4367 audiret,
1037 4298 1147 4355 landem
1167 4299 1221 4355 deo
1239 4302 1357 4369 repente
1377 4310 1438 4353 cun
1455 4308 1507 4350 ιι·

212 4387 303 4455 nibus,
321 4387 369 4457 qui
386 4387 514 4452 aderant,
533 4383 728 4450 conclamavit,
747 4387 777 4448 et
794 4384 967 4455 appropians
985 4385 1019 4440 de
1038 4386 1094 4440 loci
1111 4385 1200 4456 ipsius
1217 4385 1336 4456 pulvere
1354 4382 1505 4455 capitisue

169 4490 172 4495 ·
211 4470 338 4527 salutare
356 4470 506 4527 remedium
524 4469 656 4540 apposuit
673 4474 702 4524 et
720 4469 889 4540 consignato
908 4486 969 4527 cnm
988 4487 1094 4527 summa
1112 4472 1274 4527 reverentia
1297 4471 1365 4527 loco
1389 4467 1507 4527 amit

303 4573 385 4629 'falia
403 4573 513 4642 quidem
530 4572 651 4643 plurima
669 4572 794 4628 veridica
813 4572 951 4630 relatione
969 4575 1182 4632 commemorari
1194 4581 1323 4646 possent,
1341 4568 1506 4647 emensi

212 4660 359 4729 conpendii
384 4658 478 4714 studia
499 4673 555 4712 non
579 4666 716 4715 arcerent
752 4660 816 4715 Non
840 4659 912 4715 enim
937 4662 1035 4717 exinde
1060 4668 1142 4717 erant
1166 4662 1271 4717 ibivel
1288 4669 1440 4720 suntrana
1455 4659 1505 4715 ria·

213 4754 301 4806 tutum
319 4761 424 4817 opera,
443 4745 492 4800 sed
510 4760 591 4815 paene
609 4746 776 4817 cottidiana,
795 4763 912 4818 quorum
930 4748 1132 4807 multitudinem
1150 4751 1232 4805 simul
1250 4754 1280 4805 et
1296 4747 1504 4822 magniluffisc!

213 4834 392 4899 ammiratur,
430 4831 554 4901 quisquis
584 4831 709 4905 ejusdem
735 4833 865 4889 ecclesiae
894 4835 998 4891 cultori
1024 4836 1139 4893 cuilibet
1165 4837 1305 4908 religioso
1333 4834 1502 4908 colloquim-

212 4921 284 4977 Nam
302 4919 457 4991 quicunque
476 4915 530 4972 fide
554 4934 610 4974 noo
628 4919 797 4975 dormitante
815 4921 996 4992 qualemlibet
1013 4922 1052 4977 ibi
1068 4923 1206 4979 medelam
1222 4923 1401 4995 expostulat,
1424 4923 1501 4994 iun!

211 5006 273 5061 illic
297 5008 445 5062 sanitatem
470 5005 531 5061 voti
555 5021 670 5076 compos
693 5022 804 5077 semper
823 5009 923 5064 adesse
940 5026 997 5064 nou
1017 5010 1134 5069 dubitat
1169 5008 1280 5067 Similia
1299 5027 1416 5068 eceman
1432 5004 1500 5065 nsti-

212 5098 305 5147 torom
325 5090 427 5146 indicia
445 5107 466 5145 a
486 5093 598 5160 Victor,
629 5092 744 5147 Cassius
763 5100 792 5149 et
808 5095 968 5151 Florentius
991 5112 1052 5151 cnm
1076 5097 1135 5151 auis
1154 5095 1393 5155 commilitonibus
1410 5094 1499 5154 crebre

213 5178 281 5233 dare
300 5195 355 5233 non
374 5179 510 5247 desinunt,
529 5195 592 5250 quae
610 5195 690 5234 nemo
709 5180 805 5250 utique
823 5183 918 5237 verbis
938 5185 1037 5239 nedum
1054 5183 1169 5254 scriptis
1183 5183 1347 5255 adplenum
1361 5182 1496 5255 exequitur·
1544 5208 1546 5253 g

213 5270 240 5320 in
259 5269 321 5321 loces
338 5272 428 5321 nmen
446 5271 511 5336 sede,
544 5266 592 5320 ubi
609 5265 775 5321 mirabiliter
794 5263 1022 5340 frequentantur,
1055 5269 1168 5326 uberius
1186 5271 1272 5325 etiam
1290 5267 1496 5327 santonibus&
1544 5270 1546 5337 l
