3250 6517
665 1312 750 1386 757.
786 1313 845 1384 De
871 1338 899 1383 s.
925 1307 1091 1383 Aebutio.

229 1545 352 1612 Fidelis
374 1549 568 1613 universitas
905 1549 1013 1614 lllorte
1035 1547 1177 1633 pastoris
1199 1545 1298 1629 igilur

228 1650 391 1718 collaudet
414 1652 466 1717 dei
489 1652 604 1735 filium,
905 1669 1041 1736 prorsus
1063 1650 1255 1733 imaginaria

228 1755 322 1820 adest
343 1775 437 1821 sacra
461 1756 618 1820 festivitas
906 1776 990 1837 grex
1013 1753 1134 1818 Christi
1156 1752 1357 1837 crucifigitur
1478 1752 1507 1815 15

227 1866 410 1923 sauctorum
433 1859 545 1924 decem
567 1858 706 1922 millium.
906 1863 1020 1921 assunt
1043 1863 1075 1919 et
1098 1855 1192 1938 sigua
1214 1856 1316 1940 paria.

226 2063 296 2130 Sub
319 2064 493 2130 Hermolao
515 2065 657 2150 praesule
831 2066 851 2128 5
905 2061 987 2126 Nam
1010 2061 1122 2125 mortis
1144 2061 1177 2125 iu
1200 2062 1366 2129 doloribus

226 2185 299 2231 cum
320 2167 387 2231 suis
411 2166 478 2231 dux
500 2163 659 2232 Achatius
905 2183 995 2248 spem
1019 2164 1191 2229 salutarem
1214 2165 1386 2250 impetrant

226 2287 321 2334 sacro
343 2269 429 2333 lotus
451 2270 644 2353 baptismata
906 2265 1029 2329 cunctis
1052 2266 1100 2328 sui
1123 2267 1334 2348 memorrlrus,

225 2370 323 2434 fidem
346 2378 457 2435 servat
478 2372 633 2436 vivacius.
904 2368 1034 2451 laetiqua
1058 2370 1159 2434 coelos
1181 2378 1363 2454 penetrant.
1474 2368 1505 2434 11

226 2574 284 2641 llis
307 2574 474 2643 Adrianus
496 2578 635 2661 imperat
905 2574 983 2638 Tam
1007 2573 1083 2638 forti
1103 2595 1166 2659 pro
1187 2577 1340 2661 victoria,

226 2696 346 2760 caesar,
369 2686 405 2742 ut
422 2679 522 2742 libent
540 2679 650 2761 idolis,
810 2681 850 2743 1o
905 2678 1065 2761 triumpho
1087 2698 1149 2764 pro
1172 2690 1237 2745 tam
1259 2683 1369 2748 inclito

226 2800 320 2863 quem
344 2782 409 2845 dux
432 2785 547 2847 beatus
571 2791 705 2868 superat
904 2781 946 2844 sit
968 2779 1031 2844 dec
1052 2783 1138 2865 patri
1161 2783 1267 2866 gloria

225 2901 297 2948 curu
319 2885 464 2966 patribus
486 2884 688 2949 christicolis.
904 2884 1052 2966 prolique
1075 2904 1145 2949 curu
1168 2887 1337 2970 paraclito.

312 3082 360 3136 lls.
390 3101 424 3137 zu
452 3084 482 3139 S.
509 3084 580 3138 Paul
605 3083 634 3136 in
653 3085 778 3139 Karsten
806 3084 860 3139 No.
880 3086 922 3139 13.
947 3083 1019 3140 fiac
1046 3086 1095 3140 (les
1124 3090 1157 3141 15
1180 3086 1279 3145 oraru.
1307 3092 1375 3161 (Α).
1417 3089 1460 3145 llo
1480 3100 1504 3140 a

226 3169 363 3225 Mincheu
382 3170 451 3226 Clm.
472 3171 635 3226 17655113
655 3175 689 3226 ll
706 3172 804 3226 Jahrb.
825 3174 889 3242 (Β).

313 3307 549 3378 3sollempuitas
568 3310 599 3364 B.
645 3310 836 3365 cuermeluo
855 3311 967 3381 persida
985 3314 1018 3367 A.
1064 3314 1249 3371 Sservatius
1268 3319 1301 3372 Α
1353 3314 1501 3373 1011511.

225 3396 259 3446 11
277 3392 397 3464 iusignia
416 3395 447 3448 B.
484 3398 517 3448 13
536 3412 670 3466 passuros
688 3397 719 3450 B.
758 3400 791 3450 17
808 3412 872 3451 uam
890 3399 922 3452 A.
961 3400 994 3453 19
1013 3415 1110 3455 neruor
1128 3402 1160 3455 B.
1195 3402 1384 3461 solarum

312 3533 344 3586 V.
365 3535 406 3586 11.
435 3532 602 3603 imaginaria
624 3533 714 3588 heisst
731 3533 793 3589 hier
810 3535 995 3605 vorbildliclr‚
1028 3539 1100 3593 nach
1118 3539 1180 3594 deur
1197 3540 1334 3597 Vorbilde
1353 3542 1402 3599 des
1419 3542 1502 3599 xre*

227 3618 308 3674 tuder
333 3619 447 3675 Christi
482 3619 538 3673 Der
556 3620 624 3675 Siuu
642 3620 692 3675 ist:
720 3619 764 3675 die
783 3621 876 3677 ilerde
894 3623 1001 3680 Christi
1024 3625 1096 3680 wird
1119 3641 1192 3698 gaus
1212 3630 1284 3684 nach
1309 3628 1372 3687 ulem
1389 3624 1500 3687 Vario*

226 3703 275 3758 des
294 3705 386 3760 Todes
403 3705 480 3760 ihres
498 3706 597 3761 llirteu
615 3707 791 3781 gelareuzigt.

559 4087 644 4163 758.
678 4089 736 4160 De
763 4116 790 4160 s.
818 4085 980 4164 Adriano
1007 4104 1170 4193 martyre.

219 4343 296 4410 Ave
319 4359 430 4412 sancte
454 4345 616 4432 Adriane,
899 4355 960 4432 Qui
983 4359 1024 4445 ab
1046 4358 1195 4424 iuloruali
1218 4380 1300 4427 caue

222 4450 276 4530 qui
299 4452 486 4534 martyrium
508 4453 645 4517 immane
899 4460 1030 4523 salvans
1052 4480 1112 4525 uos
1136 4463 1188 4528 lac
1211 4465 1297 4529 viam
1320 4467 1416 4551 plane

263 4572 381 4636 passus
405 4573 441 4616 as
463 4555 495 4617 iu
518 4573 676 4639 corpore,
963 4564 1075 4628 salulis
1098 4564 1268 4650 incedere,

220 4660 310 4717 stans
333 4674 393 4738 pro
417 4653 546 4721 Christo
570 4659 758 4743 christiane,
897 4666 1074 4749 vivereque
1097 4669 1145 4734 sic
1167 4669 1307 4737 humano
1471 4664 1499 4733 ¹0

220 4756 351 4836 quando
374 4758 491 4823 haeresi
515 4762 661 4845 proianae
729 4838 730 4842 Ἰ
826 4767 845 4828 5
898 4776 932 4834 ut
953 4771 1111 4852 possimus
1133 4781 1270 4839 mortem
1288 4794 1369 4845 saue

263 4860 395 4926 noluisti
418 4864 564 4929 credere.
941 4871 1077 4935 subitam
1100 4874 1253 4939 evadere.

307 5045 353 5102 Hs.
378 5045 587 5108 frauzorischer
605 5054 756 5128 Tagzeiteu
783 5055 822 5111 im
841 5055 1044 5130 Privatbesitz,
1077 5063 1110 5114 15
1128 5062 1227 5118 5ι1πΙι.
1266 5063 1326 5121 Du
1345 5080 1434 5140 gam
1451 5042 1520 5121 ΙΗΙ

218 5128 267 5186 irat
285 5148 338 5187 nur
357 5135 429 5189 zwei
446 5136 550 5193 Reime.
1526 5164 1528 5169 '

308 5255 342 5309 10
361 5256 406 5326 sit,
425 5256 472 5312 Hs.
