<?xml version="1.0" encoding="UTF-8"?>
<!DOCTYPE html PUBLIC "-//W3C//DTD XHTML 1.0 Transitional//EN"
    "http://www.w3.org/TR/xhtml1/DTD/xhtml1-transitional.dtd">
<html xmlns="http://www.w3.org/1999/xhtml" xml:lang="en" lang="en">
 <head>
  <title>
</title>
<meta http-equiv="Content-Type" content="text/html;charset=utf-8" />
  <meta name='ocr-system' content='tesseract 3.04.00' />
  <meta name='ocr-capabilities' content='ocr_page ocr_carea ocr_par ocr_line ocrx_word'/>
</head>
<body>
  <div class='ocr_page' id='page_1' title='image "./lateinischehymn00monegoog/lateinischehymn00monegoog_0495.png"; bbox 0 0 3250 6517; ppageno 0'>
   <div class='ocr_carea' id='block_1_1' title="bbox 166 939 240 1035">
    <p class='ocr_par' dir='ltr' id='par_1_1' title="bbox 166 939 240 1035">
     <span class='ocr_line' id='line_1_1' title="bbox 166 939 240 1035; baseline 0 -18"><span class='ocrx_word' id='word_1_1' title='bbox 166 939 240 1035; x_wconf 61' lang='grc'><strong>000</strong></span> 
     </span>
    </p>
   </div>
   <div class='ocr_carea' id='block_1_2' title="bbox 169 1121 1451 1280">
    <p class='ocr_par' dir='ltr' id='par_1_2' title="bbox 169 1121 1451 1280">
     <span class='ocr_line' id='line_1_2' title="bbox 169 1121 1451 1197; baseline 0.008 -20"><span class='ocrx_word' id='word_1_2' title='bbox 169 1125 202 1177; x_wconf 85' lang='lat' dir='ltr'><strong>et</strong></span> <span class='ocrx_word' id='word_1_3' title='bbox 219 1137 242 1177; x_wconf 87' lang='lat' dir='ltr'><strong>s.</strong></span> <span class='ocrx_word' id='word_1_4' title='bbox 258 1121 395 1177; x_wconf 73' lang='lat' dir='ltr'><strong>ianuario</strong></span> <span class='ocrx_word' id='word_1_5' title='bbox 411 1121 481 1184; x_wconf 71' lang='lat' dir='ltr'><strong>‚olim</strong></span> <span class='ocrx_word' id='word_1_6' title='bbox 499 1122 528 1177; x_wconf 94' lang='lat' dir='ltr'><strong>in</strong></span> <span class='ocrx_word' id='word_1_7' title='bbox 547 1122 699 1179; x_wconf 82' lang='lat' dir='ltr'><strong>eorundem</strong></span> <span class='ocrx_word' id='word_1_8' title='bbox 719 1123 945 1180; x_wconf 83' lang='lat' dir='ltr'><strong>solennitatibus</strong></span> <span class='ocrx_word' id='word_1_9' title='bbox 970 1125 1080 1181; x_wconf 67' lang='lat' dir='ltr'><strong>casuri</strong></span> <span class='ocrx_word' id='word_1_10' title='bbox 1097 1125 1227 1183; x_wconf 73' lang='lat' dir='ltr'><strong>munes</strong></span> <span class='ocrx_word' id='word_1_11' title='bbox 1242 1125 1375 1197; x_wconf 70' lang='lat' dir='ltr'><strong>snoeipu</strong></span> <span class='ocrx_word' id='word_1_12' title='bbox 1390 1130 1451 1197; x_wconf 60' lang='lat' dir='ltr'><strong>sunl</strong></span> 
     </span>
     <span class='ocr_line' id='line_1_3' title="bbox 173 1207 491 1280; baseline -0.009 -15"><span class='ocrx_word' id='word_1_13' title='bbox 173 1223 211 1265; x_wconf 88' lang='lat' dir='ltr'><strong>ne</strong></span> <span class='ocrx_word' id='word_1_14' title='bbox 230 1208 342 1264; x_wconf 92' lang='lat' dir='ltr'><strong>omnino</strong></span> <span class='ocrx_word' id='word_1_15' title='bbox 359 1207 491 1280; x_wconf 74' lang='lat' dir='ltr'><strong>perirent„</strong></span> 
     </span>
    </p>
   </div>
   <div class='ocr_carea' id='block_1_3' title="bbox 260 1345 529 1414">
    <p class='ocr_par' dir='ltr' id='par_1_3' title="bbox 260 1345 529 1414">
     <span class='ocr_line' id='line_1_4' title="bbox 260 1345 529 1414; baseline 0.004 -14"><span class='ocrx_word' id='word_1_16' title='bbox 260 1348 296 1400; x_wconf 75' lang='lat'><strong>24</strong></span> <span class='ocrx_word' id='word_1_17' title='bbox 313 1346 464 1414; x_wconf 86' lang='lat' dir='ltr'><strong>medicina,</strong></span> <span class='ocrx_word' id='word_1_18' title='bbox 481 1345 529 1401; x_wconf 78' lang='lat' dir='ltr'><strong>lis</strong></span> 
     </span>
    </p>
   </div>
   <div class='ocr_carea' id='block_1_4' title="bbox 306 1661 1354 1763">
    <p class='ocr_par' dir='ltr' id='par_1_4' title="bbox 306 1661 1354 1763">
     <span class='ocr_line' id='line_1_5' title="bbox 306 1661 1354 1763; baseline 0.005 -29"><span class='ocrx_word' id='word_1_19' title='bbox 306 1662 414 1735; x_wconf 83' lang='lat'><strong>1129.</strong></span> <span class='ocrx_word' id='word_1_20' title='bbox 450 1662 507 1734; x_wconf 80' lang='lat' dir='ltr'><strong>Dc</strong></span> <span class='ocrx_word' id='word_1_21' title='bbox 534 1686 561 1733; x_wconf 89' lang='lat' dir='ltr'><strong>s.</strong></span> <span class='ocrx_word' id='word_1_22' title='bbox 584 1661 767 1748; x_wconf 86' lang='lat' dir='ltr'><strong>Pirminio.</strong></span> <span class='ocrx_word' id='word_1_23' title='bbox 801 1661 846 1733; x_wconf 87' lang='lat' dir='ltr'><strong>ud</strong></span> <span class='ocrx_word' id='word_1_24' title='bbox 869 1687 1043 1763; x_wconf 82' lang='lat' dir='ltr'><strong>vesperas.</strong></span> <span class='ocrx_word' id='word_1_25' title='bbox 1081 1668 1354 1762; x_wconf 65' lang='lat' dir='ltr'><strong>responsorium.</strong></span> 
     </span>
    </p>
   </div>
   <div class='ocr_carea' id='block_1_5' title="bbox 171 1896 1449 2908">
    <p class='ocr_par' dir='ltr' id='par_1_5' title="bbox 171 1896 1449 2908">
     <span class='ocr_line' id='line_1_6' title="bbox 171 1896 1162 1982; baseline 0.004 -20"><span class='ocrx_word' id='word_1_26' title='bbox 171 1896 318 1982; x_wconf 80' lang='lat' dir='ltr'><strong>(iquam</strong></span> <span class='ocrx_word' id='word_1_27' title='bbox 337 1898 500 1966; x_wconf 89' lang='lat' dir='ltr'><strong>laudanda</strong></span> <span class='ocrx_word' id='word_1_28' title='bbox 847 1918 867 1964; x_wconf 92' lang='lat' dir='ltr'><strong>o</strong></span> <span class='ocrx_word' id='word_1_29' title='bbox 891 1901 1023 1966; x_wconf 88' lang='lat' dir='ltr'><strong>lucerna</strong></span> <span class='ocrx_word' id='word_1_30' title='bbox 1048 1900 1162 1966; x_wconf 80' lang='lat' dir='ltr'><strong>locens</strong></span> 
     </span>
     <span class='ocr_line' id='line_1_7' title="bbox 171 1997 1283 2087; baseline 0.004 -22"><span class='ocrx_word' id='word_1_31' title='bbox 171 1997 269 2084; x_wconf 82' lang='lat' dir='ltr'><strong>nujus</strong></span> <span class='ocrx_word' id='word_1_32' title='bbox 291 2002 395 2066; x_wconf 86' lang='lat' dir='ltr'><strong>sancti</strong></span> <span class='ocrx_word' id='word_1_33' title='bbox 417 2001 577 2083; x_wconf 77' lang='lat' dir='ltr'><strong>solennia,</strong></span> <span class='ocrx_word' id='word_1_34' title='bbox 888 2001 921 2065; x_wconf 93' lang='lat' dir='ltr'><strong>in</strong></span> <span class='ocrx_word' id='word_1_35' title='bbox 945 2009 1122 2085; x_wconf 78' lang='lat' dir='ltr'><strong>conspectu</strong></span> <span class='ocrx_word' id='word_1_36' title='bbox 1144 2002 1283 2087; x_wconf 88' lang='lat' dir='ltr'><strong>domini,</strong></span> 
     </span>
     <span class='ocr_line' id='line_1_8' title="bbox 172 2101 1229 2189; baseline 0.004 -22"><span class='ocrx_word' id='word_1_37' title='bbox 172 2120 268 2184; x_wconf 85' lang='lat' dir='ltr'><strong>quem</strong></span> <span class='ocrx_word' id='word_1_38' title='bbox 291 2103 334 2167; x_wconf 94' lang='lat' dir='ltr'><strong>ob</strong></span> <span class='ocrx_word' id='word_1_39' title='bbox 356 2103 507 2166; x_wconf 87' lang='lat' dir='ltr'><strong>virtutum</strong></span> <span class='ocrx_word' id='word_1_40' title='bbox 530 2101 667 2185; x_wconf 82' lang='lat' dir='ltr'><strong>insignia</strong></span> <span class='ocrx_word' id='word_1_41' title='bbox 847 2122 867 2168; x_wconf 93' lang='lat' dir='ltr'><strong>o</strong></span> <span class='ocrx_word' id='word_1_42' title='bbox 886 2123 1014 2187; x_wconf 86' lang='lat' dir='ltr'><strong>gemma</strong></span> <span class='ocrx_word' id='word_1_43' title='bbox 1035 2105 1229 2189; x_wconf 81' lang='lat' dir='ltr'><strong>sacerdotii,</strong></span> 
     </span>
     <span class='ocr_line' id='line_1_9' title="bbox 171 2204 1449 2294; baseline -0.001 -23"><span class='ocrx_word' id='word_1_44' title='bbox 171 2206 327 2271; x_wconf 76' lang='lat' dir='ltr'><strong>colorum</strong></span> <span class='ocrx_word' id='word_1_45' title='bbox 349 2204 482 2271; x_wconf 85' lang='lat' dir='ltr'><strong>laudant</strong></span> <span class='ocrx_word' id='word_1_46' title='bbox 504 2205 640 2288; x_wconf 79' lang='lat' dir='ltr'><strong>agmina.</strong></span> <span class='ocrx_word' id='word_1_47' title='bbox 888 2213 923 2270; x_wconf 85' lang='lat' dir='ltr'><strong>tu</strong></span> <span class='ocrx_word' id='word_1_48' title='bbox 945 2213 1040 2289; x_wconf 84' lang='lat' dir='ltr'><strong>pater</strong></span> <span class='ocrx_word' id='word_1_49' title='bbox 1061 2208 1310 2294; x_wconf 79' lang='lat' dir='ltr'><strong>monachornm,</strong></span> <span class='ocrx_word' id='word_1_50' title='bbox 1420 2212 1449 2271; x_wconf 84' lang='lat'><strong>15</strong></span> 
     </span>
     <span class='ocr_line' id='line_1_10' title="bbox 171 2309 1215 2406; baseline 0.006 -36"><span class='ocrx_word' id='word_1_51' title='bbox 171 2339 352 2406; x_wconf 60' lang='lat' dir='ltr'><strong>opimi</strong></span> <span class='ocrx_word' id='word_1_52' title='bbox 773 2344 792 2403; x_wconf 83' lang='lat'>5</span> <span class='ocrx_word' id='word_1_53' title='bbox 846 2309 899 2391; x_wconf 91' lang='lat' dir='ltr'><strong>qui</strong></span> <span class='ocrx_word' id='word_1_54' title='bbox 920 2310 1024 2391; x_wconf 78' lang='lat' dir='ltr'><strong>patris</strong></span> <span class='ocrx_word' id='word_1_55' title='bbox 1043 2309 1215 2376; x_wconf 78' lang='lat' dir='ltr'><strong>Benedicti</strong></span> 
     </span>
     <span class='ocr_line' id='line_1_11' title="bbox 358 2388 1303 2492; baseline 0.016 -29"><span class='ocrx_word' id='word_1_56' title='bbox 358 2388 366 2421; x_wconf 89' lang='lat'>’</span> <span class='ocrx_word' id='word_1_57' title='bbox 887 2408 1034 2491; x_wconf 88' lang='lat' dir='ltr'><strong>regulam</strong></span> <span class='ocrx_word' id='word_1_58' title='bbox 1057 2411 1142 2474; x_wconf 88' lang='lat' dir='ltr'><strong>bene</strong></span> <span class='ocrx_word' id='word_1_59' title='bbox 1165 2422 1303 2492; x_wconf 81' lang='lat' dir='ltr'><strong>norunt,</strong></span> 
     </span>
     <span class='ocr_line' id='line_1_12' title="bbox 845 2515 1323 2602; baseline 0.01 -24"><span class='ocrx_word' id='word_1_60' title='bbox 845 2532 956 2579; x_wconf 91' lang='lat' dir='ltr'><strong>omnes</strong></span> <span class='ocrx_word' id='word_1_61' title='bbox 978 2533 1038 2578; x_wconf 88' lang='lat' dir='ltr'><strong>nos</strong></span> <span class='ocrx_word' id='word_1_62' title='bbox 1061 2515 1156 2581; x_wconf 85' lang='lat' dir='ltr'><strong>trabe</strong></span> <span class='ocrx_word' id='word_1_63' title='bbox 1180 2536 1323 2602; x_wconf 87' lang='lat' dir='ltr'><strong>propere</strong></span> 
     </span>
     <span class='ocr_line' id='line_1_13' title="bbox 888 2616 1275 2702; baseline 0.01 -22"><span class='ocrx_word' id='word_1_64' title='bbox 888 2616 930 2681; x_wconf 91' lang='lat' dir='ltr'><strong>ad</strong></span> <span class='ocrx_word' id='word_1_65' title='bbox 953 2617 1074 2700; x_wconf 87' lang='lat' dir='ltr'><strong>gandia</strong></span> <span class='ocrx_word' id='word_1_66' title='bbox 1100 2619 1275 2702; x_wconf 70' lang='lat' dir='ltr'><strong>caelorum,</strong></span> 
     </span>
     <span class='ocr_line' id='line_1_14' title="bbox 423 2721 1448 2806; baseline 0.005 -26"><span class='ocrx_word' id='word_1_67' title='bbox 423 2751 540 2801; x_wconf 61' lang='lat' dir='ltr'><strong>mm,</strong></span> <span class='ocrx_word' id='word_1_68' title='bbox 845 2737 926 2802; x_wconf 90' lang='lat' dir='ltr'><strong>qnos</strong></span> <span class='ocrx_word' id='word_1_69' title='bbox 948 2721 1006 2785; x_wconf 84' lang='lat' dir='ltr'><strong>tibi</strong></span> <span class='ocrx_word' id='word_1_70' title='bbox 1028 2723 1135 2787; x_wconf 88' lang='lat' dir='ltr'><strong>cernis</strong></span> <span class='ocrx_word' id='word_1_71' title='bbox 1156 2725 1302 2806; x_wconf 86' lang='lat' dir='ltr'><strong>psallere</strong></span> <span class='ocrx_word' id='word_1_72' title='bbox 1416 2723 1448 2786; x_wconf 82' lang='lat'><strong>20</strong></span> 
     </span>
     <span class='ocr_line' id='line_1_15' title="bbox 888 2824 1337 2908; baseline 0.013 -22"><span class='ocrx_word' id='word_1_73' title='bbox 888 2824 948 2888; x_wconf 92' lang='lat' dir='ltr'><strong>bos</strong></span> <span class='ocrx_word' id='word_1_74' title='bbox 971 2825 1106 2908; x_wconf 82' lang='lat' dir='ltr'><strong>plausus</strong></span> <span class='ocrx_word' id='word_1_75' title='bbox 1129 2829 1337 2894; x_wconf 77' lang='lat' dir='ltr'><strong>canticorum.</strong></span> 
     </span>
    </p>
   </div>
   <div class='ocr_carea' id='block_1_6' title="bbox 170 2441 576 2667">
    <p class='ocr_par' dir='ltr' id='par_1_6' title="bbox 170 2441 576 2667">
     <span class='ocr_line' id='line_1_16' title="bbox 171 2441 535 2526; baseline -0.005 -20"><span class='ocrx_word' id='word_1_76' title='bbox 171 2441 282 2508; x_wconf 90' lang='lat' dir='ltr'><strong>divino</strong></span> <span class='ocrx_word' id='word_1_77' title='bbox 299 2442 404 2526; x_wconf 86' lang='lat' dir='ltr'><strong>junge</strong></span> <span class='ocrx_word' id='word_1_78' title='bbox 426 2441 535 2506; x_wconf 88' lang='lat' dir='ltr'><strong>lumini</strong></span> 
     </span>
     <span class='ocr_line' id='line_1_17' title="bbox 170 2542 576 2667; baseline -0.01 -57"><span class='ocrx_word' id='word_1_79' title='bbox 170 2551 305 2610; x_wconf 84' lang='lat' dir='ltr'><strong>cunctos</strong></span> <span class='ocrx_word' id='word_1_80' title='bbox 328 2542 576 2667; x_wconf 34' lang='lat' dir='ltr'><strong>bicogregatos,</strong></span> 
     </span>
    </p>
   </div>
   <div class='ocr_carea' id='block_1_7' title="bbox 169 2893 1271 3083">
    <p class='ocr_par' dir='ltr' id='par_1_7' title="bbox 169 2893 1271 3083">
     <span class='ocr_line' id='line_1_18' title="bbox 170 2893 561 2981; baseline -0.005 -19"><span class='ocrx_word' id='word_1_81' title='bbox 170 2893 216 2962; x_wconf 81' lang='lat' dir='ltr'><strong>Ut</strong></span> <span class='ocrx_word' id='word_1_82' title='bbox 237 2894 322 2981; x_wconf 90' lang='lat' dir='ltr'><strong>apud</strong></span> <span class='ocrx_word' id='word_1_83' title='bbox 346 2903 378 2960; x_wconf 80' lang='lat' dir='ltr'><strong>te</strong></span> <span class='ocrx_word' id='word_1_84' title='bbox 400 2896 432 2960; x_wconf 93' lang='lat' dir='ltr'><strong>in</strong></span> <span class='ocrx_word' id='word_1_85' title='bbox 453 2895 561 2979; x_wconf 80' lang='lat' dir='ltr'><strong>patria</strong></span> 
     </span>
     <span class='ocr_line' id='line_1_19' title="bbox 169 2999 1271 3083; baseline -0.004 -16"><span class='ocrx_word' id='word_1_86' title='bbox 169 2999 315 3067; x_wconf 78' lang='lat' dir='ltr'><strong>fruamur</strong></span> <span class='ocrx_word' id='word_1_87' title='bbox 337 2999 390 3064; x_wconf 91' lang='lat' dir='ltr'><strong>dei</strong></span> <span class='ocrx_word' id='word_1_88' title='bbox 413 2999 528 3083; x_wconf 84' lang='lat' dir='ltr'><strong>gloria.</strong></span> <span class='ocrx_word' id='word_1_89' title='bbox 1047 3015 1271 3081; x_wconf 61' lang='lat' dir='ltr'><strong>mmmm,</strong></span> 
     </span>
    </p>
   </div>
   <div class='ocr_carea' id='block_1_8' title="bbox 170 3150 1454 3544">
    <p class='ocr_par' dir='ltr' id='par_1_8' title="bbox 844 3150 1282 3220">
     <span class='ocr_line' id='line_1_20' title="bbox 844 3150 1282 3220; baseline 0.005 -5"><span class='ocrx_word' id='word_1_90' title='bbox 844 3150 936 3217; x_wconf 89' lang='lat' dir='ltr'><strong>Voce</strong></span> <span class='ocrx_word' id='word_1_91' title='bbox 959 3151 1067 3218; x_wconf 86' lang='lat' dir='ltr'><strong>cordis</strong></span> <span class='ocrx_word' id='word_1_92' title='bbox 1089 3172 1282 3220; x_wconf 85' lang='lat' dir='ltr'><strong>resonamus</strong></span> 
     </span>
    </p>

    <p class='ocr_par' dir='ltr' id='par_1_9' title="bbox 845 3254 1308 3338">
     <span class='ocr_line' id='line_1_21' title="bbox 845 3254 1308 3338; baseline 0.004 -22"><span class='ocrx_word' id='word_1_93' title='bbox 845 3273 956 3336; x_wconf 85' lang='lat' dir='ltr'><strong>regem</strong></span> <span class='ocrx_word' id='word_1_94' title='bbox 979 3274 1093 3336; x_wconf 89' lang='lat' dir='ltr'><strong>regum</strong></span> <span class='ocrx_word' id='word_1_95' title='bbox 1116 3254 1308 3338; x_wconf 87' lang='lat' dir='ltr'><strong>adoremus,</strong></span> 
     </span>
    </p>

    <p class='ocr_par' dir='ltr' id='par_1_10' title="bbox 170 3346 1454 3544">
     <span class='ocr_line' id='line_1_22' title="bbox 170 3346 1383 3438; baseline 0.008 -25"><span class='ocrx_word' id='word_1_96' title='bbox 170 3346 327 3413; x_wconf 82' lang='lat' dir='ltr'><strong>Olumen</strong></span> <span class='ocrx_word' id='word_1_97' title='bbox 349 3349 568 3434; x_wconf 88' lang='lat' dir='ltr'><strong>splendidum,</strong></span> <span class='ocrx_word' id='word_1_98' title='bbox 752 3354 792 3416; x_wconf 92' lang='grc'><strong>10</strong></span> <span class='ocrx_word' id='word_1_99' title='bbox 845 3354 898 3438; x_wconf 91' lang='lat' dir='ltr'><strong>qui</strong></span> <span class='ocrx_word' id='word_1_100' title='bbox 921 3363 1066 3420; x_wconf 82' lang='lat' dir='ltr'><strong>sanctum</strong></span> <span class='ocrx_word' id='word_1_101' title='bbox 1092 3355 1178 3423; x_wconf 89' lang='lat' dir='ltr'><strong>bunc</strong></span> <span class='ocrx_word' id='word_1_102' title='bbox 1199 3357 1383 3423; x_wconf 85' lang='lat' dir='ltr'><strong>Pirminium</strong></span> 
     </span>
     <span class='ocr_line' id='line_1_23' title="bbox 213 3451 1454 3544; baseline 0.007 -31"><span class='ocrx_word' id='word_1_103' title='bbox 213 3457 326 3515; x_wconf 80' lang='lat' dir='ltr'><strong>sancte</strong></span> <span class='ocrx_word' id='word_1_104' title='bbox 348 3453 470 3535; x_wconf 85' lang='lat' dir='ltr'><strong>praesul</strong></span> <span class='ocrx_word' id='word_1_105' title='bbox 491 3451 633 3536; x_wconf 72' lang='lat' dir='ltr'><strong>pomini,</strong></span> <span class='ocrx_word' id='word_1_106' title='bbox 844 3457 953 3523; x_wconf 86' lang='lat' dir='ltr'><strong>eboris</strong></span> <span class='ocrx_word' id='word_1_107' title='bbox 970 3459 1081 3544; x_wconf 84' lang='lat' dir='ltr'><strong>junxit</strong></span> <span class='ocrx_word' id='word_1_108' title='bbox 1103 3459 1294 3526; x_wconf 77' lang='lat' dir='ltr'><strong>coelestiunn</strong></span> <span class='ocrx_word' id='word_1_109' title='bbox 1420 3459 1454 3522; x_wconf 72' lang='lat'><strong>2⁵</strong></span> 
     </span>
    </p>
   </div>
   <div class='ocr_carea' id='block_1_9' title="bbox 305 3191 657 3272">
    <p class='ocr_par' dir='ltr' id='par_1_11' title="bbox 305 3191 657 3272">
     <span class='ocr_line' id='line_1_24' title="bbox 305 3191 657 3272; baseline 0 -17"><span class='ocrx_word' id='word_1_110' title='bbox 305 3191 457 3270; x_wconf 76' lang='lat' dir='ltr'><strong>euonpeb&#39;i</strong></span> <span class='ocrx_word' id='word_1_111' title='bbox 478 3191 657 3272; x_wconf 67' lang='lat' dir='ltr'><strong>umplona.</strong></span> 
     </span>
    </p>
   </div>
   <div class='ocr_carea' id='block_1_10' title="bbox 168 3594 1456 3883">
    <p class='ocr_par' dir='ltr' id='par_1_12' title="bbox 168 3594 1456 3883">
     <span class='ocr_line' id='line_1_25' title="bbox 256 3594 1456 3705; baseline -0.003 -14"><span class='ocrx_word' id='word_1_112' title='bbox 256 3635 449 3692; x_wconf 85' lang='lat' dir='ltr'><strong>lleiabenaner</strong></span> <span class='ocrx_word' id='word_1_113' title='bbox 467 3635 514 3690; x_wconf 83' lang='lat' dir='ltr'><strong>lis.</strong></span> <span class='ocrx_word' id='word_1_114' title='bbox 538 3635 591 3692; x_wconf 90' lang='lat' dir='ltr'><strong>No.</strong></span> <span class='ocrx_word' id='word_1_115' title='bbox 609 3636 652 3689; x_wconf 87' lang='grc'><strong>60.</strong></span> <span class='ocrx_word' id='word_1_116' title='bbox 680 3634 722 3690; x_wconf 81' lang='lat' dir='ltr'><strong>ill</strong></span> <span class='ocrx_word' id='word_1_117' title='bbox 739 3637 775 3691; x_wconf 84' lang='grc'><strong>36</strong></span> <span class='ocrx_word' id='word_1_118' title='bbox 800 3594 835 3691; x_wconf 73' lang='lat' dir='ltr'><strong>nd</strong></span> <span class='ocrx_word' id='word_1_119' title='bbox 854 3636 1024 3705; x_wconf 81' lang='lat' dir='ltr'><strong>llarlsrube,</strong></span> <span class='ocrx_word' id='word_1_120' title='bbox 1055 3639 1090 3691; x_wconf 77' lang='lat' dir='ltr'><strong>ll</strong></span> <span class='ocrx_word' id='word_1_121' title='bbox 1107 3636 1206 3692; x_wconf 78' lang='lat' dir='ltr'><strong>Jahrb</strong></span> <span class='ocrx_word' id='word_1_122' title='bbox 1241 3635 1347 3691; x_wconf 84' lang='lat' dir='ltr'><strong>ludeo</strong></span> <span class='ocrx_word' id='word_1_123' title='bbox 1364 3631 1456 3694; x_wconf 77' lang='lat' dir='ltr'><strong>officia</strong></span> 
     </span>
     <span class='ocr_line' id='line_1_26' title="bbox 169 3721 1455 3798; baseline -0.002 -20"><span class='ocrx_word' id='word_1_124' title='bbox 169 3722 290 3796; x_wconf 89' lang='lat' dir='ltr'><strong>propria</strong></span> <span class='ocrx_word' id='word_1_125' title='bbox 315 3727 475 3779; x_wconf 76' lang='lat' dir='ltr'><strong>suetorum</strong></span> <span class='ocrx_word' id='word_1_126' title='bbox 500 3721 633 3778; x_wconf 72' lang='lat' dir='ltr'><strong>dioeoesis</strong></span> <span class='ocrx_word' id='word_1_127' title='bbox 660 3721 885 3779; x_wconf 73' lang='lat' dir='ltr'><strong>denotantiemis</strong></span> <span class='ocrx_word' id='word_1_128' title='bbox 913 3723 1026 3792; x_wconf 82' lang='lat' dir='ltr'><strong>(const.</strong></span> <span class='ocrx_word' id='word_1_129' title='bbox 1047 3723 1132 3794; x_wconf 83' lang='grc'><strong>1698)</strong></span> <span class='ocrx_word' id='word_1_130' title='bbox 1155 3723 1233 3797; x_wconf 61' lang='grc' dir='ltr'><strong>ιεὼς</strong></span> <span class='ocrx_word' id='word_1_131' title='bbox 1256 3721 1323 3798; x_wconf 71' lang='lat' dir='ltr'><strong>heir</strong></span> <span class='ocrx_word' id='word_1_132' title='bbox 1340 3723 1455 3795; x_wconf 77' lang='lat' dir='ltr'><strong>llym</strong></span> 
     </span>
     <span class='ocr_line' id='line_1_27' title="bbox 168 3808 595 3883; baseline -0.007 -15"><span class='ocrx_word' id='word_1_133' title='bbox 168 3808 224 3868; x_wconf 81' lang='lat' dir='ltr'><strong>anf</strong></span> <span class='ocrx_word' id='word_1_134' title='bbox 237 3811 288 3868; x_wconf 82' lang='lat' dir='ltr'><strong>das</strong></span> <span class='ocrx_word' id='word_1_135' title='bbox 305 3811 372 3868; x_wconf 82' lang='lat' dir='ltr'><strong>Fest</strong></span> <span class='ocrx_word' id='word_1_136' title='bbox 391 3810 441 3865; x_wconf 88' lang='lat' dir='ltr'><strong>des</strong></span> <span class='ocrx_word' id='word_1_137' title='bbox 458 3810 595 3883; x_wconf 85' lang='lat' dir='ltr'><strong>lleiligen.</strong></span> 
     </span>
    </p>
   </div>
   <div class='ocr_carea' id='block_1_11' title="bbox 198 4140 1439 4364">
    <p class='ocr_par' dir='ltr' id='par_1_13' title="bbox 198 4140 1439 4364">
     <span class='ocr_line' id='line_1_28' title="bbox 198 4140 1439 4244; baseline -0.005 -23"><span class='ocrx_word' id='word_1_138' title='bbox 198 4145 308 4222; x_wconf 83' lang='lat'><strong>1130.</strong></span> <span class='ocrx_word' id='word_1_139' title='bbox 340 4142 411 4218; x_wconf 83' lang='lat' dir='ltr'><strong>SS.</strong></span> <span class='ocrx_word' id='word_1_140' title='bbox 436 4155 625 4244; x_wconf 69' lang='lat' dir='ltr'><strong>martyrum</strong></span> <span class='ocrx_word' id='word_1_141' title='bbox 651 4140 791 4214; x_wconf 85' lang='lat' dir='ltr'><strong>Placidi</strong></span> <span class='ocrx_word' id='word_1_142' title='bbox 819 4152 854 4213; x_wconf 79' lang='lat' dir='ltr'><strong>el</strong></span> <span class='ocrx_word' id='word_1_143' title='bbox 877 4146 1051 4215; x_wconf 87' lang='lat' dir='ltr'><strong>sociorum</strong></span> <span class='ocrx_word' id='word_1_144' title='bbox 1078 4140 1162 4241; x_wconf 81' lang='lat' dir='ltr'><strong>ejus</strong></span> <span class='ocrx_word' id='word_1_145' title='bbox 1211 4141 1257 4214; x_wconf 85' lang='lat' dir='ltr'><strong>ad</strong></span> <span class='ocrx_word' id='word_1_146' title='bbox 1282 4165 1439 4244; x_wconf 77' lang='lat' dir='ltr'><strong>vesperes</strong></span> 
     </span>
     <span class='ocr_line' id='line_1_29' title="bbox 738 4261 897 4364; baseline 0 -30"><span class='ocrx_word' id='word_1_147' title='bbox 738 4261 897 4364; x_wconf 69' lang='lat' dir='ltr'><strong>hymnus</strong></span> 
     </span>
    </p>
   </div>
   <div class='ocr_carea' id='block_1_12' title="bbox 165 4483 1453 4879">
    <p class='ocr_par' dir='ltr' id='par_1_14' title="bbox 167 4483 1251 4574">
     <span class='ocr_line' id='line_1_30' title="bbox 167 4483 1251 4574; baseline -0.006 -18"><span class='ocrx_word' id='word_1_148' title='bbox 167 4485 355 4557; x_wconf 77' lang='lat' dir='ltr'><strong>(iasinensis</strong></span> <span class='ocrx_word' id='word_1_149' title='bbox 378 4490 485 4574; x_wconf 89' lang='lat' dir='ltr'><strong>gloria</strong></span> <span class='ocrx_word' id='word_1_150' title='bbox 844 4485 1028 4550; x_wconf 81' lang='lat' dir='ltr'><strong>Coruscans</strong></span> <span class='ocrx_word' id='word_1_151' title='bbox 1050 4483 1251 4550; x_wconf 87' lang='lat' dir='ltr'><strong>mirabilibus</strong></span> 
     </span>
    </p>

    <p class='ocr_par' dir='ltr' id='par_1_15' title="bbox 165 4583 1453 4773">
     <span class='ocr_line' id='line_1_31' title="bbox 165 4583 1453 4676; baseline -0.008 -21"><span class='ocrx_word' id='word_1_152' title='bbox 165 4609 289 4676; x_wconf 79' lang='lat' dir='ltr'><strong>perpes</strong></span> <span class='ocrx_word' id='word_1_153' title='bbox 312 4598 345 4654; x_wconf 88' lang='lat' dir='ltr'><strong>et</strong></span> <span class='ocrx_word' id='word_1_154' title='bbox 367 4591 503 4656; x_wconf 84' lang='lat' dir='ltr'><strong>victoria</strong></span> <span class='ocrx_word' id='word_1_155' title='bbox 843 4588 969 4670; x_wconf 90' lang='lat' dir='ltr'><strong>magnis</strong></span> <span class='ocrx_word' id='word_1_156' title='bbox 992 4594 1089 4669; x_wconf 83' lang='lat' dir='ltr'><strong>atque</strong></span> <span class='ocrx_word' id='word_1_157' title='bbox 1109 4586 1291 4672; x_wconf 89' lang='lat' dir='ltr'><strong>nobilibus,</strong></span> <span class='ocrx_word' id='word_1_158' title='bbox 1422 4583 1453 4646; x_wconf 83' lang='grc'><strong>10</strong></span> 
     </span>
     <span class='ocr_line' id='line_1_32' title="bbox 166 4689 1215 4773; baseline -0.006 -14"><span class='ocrx_word' id='word_1_159' title='bbox 166 4699 224 4758; x_wconf 78' lang='lat' dir='ltr'><strong>aua</strong></span> <span class='ocrx_word' id='word_1_160' title='bbox 246 4690 346 4773; x_wconf 84' lang='lat' dir='ltr'><strong>digna</strong></span> <span class='ocrx_word' id='word_1_161' title='bbox 366 4690 520 4756; x_wconf 76' lang='lat' dir='ltr'><strong>momoria</strong></span> <span class='ocrx_word' id='word_1_162' title='bbox 843 4689 958 4753; x_wconf 82' lang='lat' dir='ltr'><strong>favens</strong></span> <span class='ocrx_word' id='word_1_163' title='bbox 978 4689 1215 4755; x_wconf 73' lang='lat' dir='ltr'><strong>miserabilibus</strong></span> 
     </span>
    </p>

    <p class='ocr_par' dir='ltr' id='par_1_16' title="bbox 165 4790 1284 4879">
     <span class='ocr_line' id='line_1_33' title="bbox 165 4790 1284 4879; baseline -0.002 -20"><span class='ocrx_word' id='word_1_164' title='bbox 165 4801 263 4879; x_wconf 81' lang='lat' dir='ltr'><strong>gesta</strong></span> <span class='ocrx_word' id='word_1_165' title='bbox 284 4803 397 4859; x_wconf 78' lang='lat' dir='ltr'><strong>nmrat</strong></span> <span class='ocrx_word' id='word_1_166' title='bbox 418 4793 561 4860; x_wconf 86' lang='lat' dir='ltr'><strong>historia</strong></span> <span class='ocrx_word' id='word_1_167' title='bbox 843 4808 972 4877; x_wconf 87' lang='lat' dir='ltr'><strong>quoquo</strong></span> <span class='ocrx_word' id='word_1_168' title='bbox 993 4790 1090 4856; x_wconf 90' lang='lat' dir='ltr'><strong>modo</strong></span> <span class='ocrx_word' id='word_1_169' title='bbox 1113 4790 1284 4857; x_wconf 86' lang='lat' dir='ltr'><strong>debilibus.</strong></span> 
     </span>
    </p>
   </div>
   <div class='ocr_carea' id='block_1_13' title="bbox 162 4981 1440 5377">
    <p class='ocr_par' dir='ltr' id='par_1_17' title="bbox 162 4981 1440 5377">
     <span class='ocr_line' id='line_1_34' title="bbox 164 4981 1230 5069; baseline -0.007 -15"><span class='ocrx_word' id='word_1_170' title='bbox 164 4982 321 5055; x_wconf 78' lang='lat' dir='ltr'><strong>Romanis</strong></span> <span class='ocrx_word' id='word_1_171' title='bbox 343 4993 447 5050; x_wconf 85' lang='lat' dir='ltr'><strong>ortum</strong></span> <span class='ocrx_word' id='word_1_172' title='bbox 469 4982 603 5069; x_wconf 75' lang='lat' dir='ltr'><strong>regibus</strong></span> <span class='ocrx_word' id='word_1_173' title='bbox 725 5020 730 5028; x_wconf 88' lang='lat'>-</span> <span class='ocrx_word' id='word_1_174' title='bbox 769 4984 788 5045; x_wconf 84' lang='lat'>⁵</span> <span class='ocrx_word' id='word_1_175' title='bbox 841 4982 921 5047; x_wconf 84' lang='lat' dir='ltr'><strong>Post</strong></span> <span class='ocrx_word' id='word_1_176' title='bbox 942 4981 1034 5047; x_wconf 65' lang='lat' dir='ltr'><strong>varia</strong></span> <span class='ocrx_word' id='word_1_177' title='bbox 1055 4982 1230 5067; x_wconf 87' lang='lat' dir='ltr'><strong>supplicia,</strong></span> 
     </span>
     <span class='ocr_line' id='line_1_35' title="bbox 164 5083 1209 5174; baseline -0.005 -21"><span class='ocrx_word' id='word_1_178' title='bbox 164 5088 393 5174; x_wconf 81' lang='lat' dir='ltr'><strong>omnipotentis</strong></span> <span class='ocrx_word' id='word_1_179' title='bbox 415 5089 542 5171; x_wconf 86' lang='lat' dir='ltr'><strong>legibus</strong></span> <span class='ocrx_word' id='word_1_180' title='bbox 841 5092 1001 5149; x_wconf 85' lang='lat' dir='ltr'><strong>tormenta</strong></span> <span class='ocrx_word' id='word_1_181' title='bbox 1021 5083 1209 5169; x_wconf 77' lang='lat' dir='ltr'><strong>multiplicia</strong></span> 
     </span>
     <span class='ocr_line' id='line_1_36' title="bbox 162 5180 1440 5279; baseline -0.004 -22"><span class='ocrx_word' id='word_1_182' title='bbox 162 5189 199 5257; x_wconf 88' lang='lat' dir='ltr'><strong>in</strong></span> <span class='ocrx_word' id='word_1_183' title='bbox 220 5189 387 5258; x_wconf 74' lang='lat' dir='ltr'><strong>benedicti</strong></span> <span class='ocrx_word' id='word_1_184' title='bbox 407 5193 564 5276; x_wconf 74' lang='lat' dir='ltr'><strong>gregibus</strong></span> <span class='ocrx_word' id='word_1_185' title='bbox 834 5196 897 5274; x_wconf 66' lang='lat' dir='ltr'><strong>⁴tua</strong></span> <span class='ocrx_word' id='word_1_186' title='bbox 917 5190 1051 5279; x_wconf 88' lang='lat' dir='ltr'><strong>menbra</strong></span> <span class='ocrx_word' id='word_1_187' title='bbox 1072 5189 1213 5274; x_wconf 81' lang='lat' dir='ltr'><strong>puerilia</strong></span> <span class='ocrx_word' id='word_1_188' title='bbox 1410 5180 1440 5242; x_wconf 77' lang='lat'><strong>1⁵</strong></span> 
     </span>
     <span class='ocr_line' id='line_1_37' title="bbox 164 5292 1229 5377; baseline -0.003 -15"><span class='ocrx_word' id='word_1_189' title='bbox 164 5292 335 5363; x_wconf 75' lang='lat' dir='ltr'><strong>educalmn</strong></span> <span class='ocrx_word' id='word_1_190' title='bbox 356 5301 391 5359; x_wconf 78' lang='lat' dir='ltr'><strong>te</strong></span> <span class='ocrx_word' id='word_1_191' title='bbox 413 5294 558 5377; x_wconf 80' lang='lat' dir='ltr'><strong>legimus</strong></span> <span class='ocrx_word' id='word_1_192' title='bbox 841 5293 1052 5362; x_wconf 73' lang='lat' dir='ltr'><strong>ostenduntur</strong></span> <span class='ocrx_word' id='word_1_193' title='bbox 1073 5294 1229 5375; x_wconf 85' lang='lat' dir='ltr'><strong>victricia.</strong></span> 
     </span>
    </p>
   </div>
   <div class='ocr_carea' id='block_1_14' title="bbox 0 0 1630 6517">
    <p class='ocr_par' dir='ltr' id='par_1_18' title="bbox 0 0 1630 6517">
     <span class='ocr_line' id='line_1_38' title="bbox 0 0 1630 6517; baseline 0 2"><span class='ocrx_word' id='word_1_194' title='bbox 0 0 1630 6517; x_wconf 95' lang='lat' dir='ltr'><strong> </strong></span> 
     </span>
    </p>
   </div>
  </div>
 </body>
</html>
