3250 6517
212 936 255 1000 10

208 1124 290 1188 llum
317 1130 424 1187 mente
446 1128 552 1186 tracto
575 1119 730 1203 angelos,

207 1227 385 1312 prophetas
407 1234 441 1289 et
463 1223 648 1308 apostolos,

207 1329 401 1394 victoriosos
423 1335 584 1410 martyres

208 1440 243 1497 et
262 1431 469 1515 praepudicas
491 1429 652 1512 virgines:

206 1611 321 1676 Nullus
343 1610 420 1674 mihi
438 1610 618 1694 potentior,

207 1713 314 1779 nullus
335 1711 593 1793 misericordior,

207 1818 332 1882 illorum
355 1835 439 1900 pace
461 1816 612 1898 dixerim,

207 1919 335 1984 videtur
356 1926 459 1983 matre
482 1918 608 1983 domini.

207 2097 413 2181 Quapropter
434 2095 519 2159 hanc
541 2092 708 2177 praecipue

206 2209 377 2285 patronam
398 2217 503 2262 meam
525 2197 636 2261 facere

206 2301 290 2365 nihil
307 2299 508 2381 religiosius,

206 2403 284 2468 nihil
306 2410 384 2487 puto
408 2401 577 2466 salubrius.

205 2581 296 2665 Ergo
319 2591 423 2647 mater
443 2581 597 2646 melliflua

207 2691 240 2749 et
262 2687 358 2769 virgo
381 2686 602 2768 pudicissima,

206 2807 291 2853 nunc
312 2789 346 2853 in
366 2788 523 2874 praesenti
546 2789 699 2872 seutiam,

207 2911 302 2973 quam
325 2892 366 2956 de
389 2901 421 2956 te
445 2891 487 2956 do
510 2894 711 2957 sententiam.

207 3071 274 3136 Mei
297 3073 461 3154 querelam
483 3073 620 3153 gemitus

208 3173 265 3237 tihi
287 3174 416 3256 impono
437 3174 599 3256 primitus,

207 3294 301 3356 quam
320 3276 469 3359 perieras
492 3277 535 3341 ad
556 3277 716 3341 dominum

206 3386 240 3442 et
262 3386 350 3442 tuum
372 3399 484 3442 verum
508 3378 615 3443 filium.

205 3558 326 3638 Maria,
349 3558 405 3622 lux
428 3558 588 3641 aetherea,

207 3669 242 3726 ut
262 3680 351 3724 meas
373 3681 490 3744 preces
512 3662 660 3743 deferas,

209 3763 271 3827 tuis
296 3770 416 3827 stratus
439 3764 584 3846 vestigiis

207 3873 314 3929 mente
338 3864 480 3948 deposco
503 3866 649 3949 supplici.

206 4043 476 4130 computruerunt
496 4047 632 4130 pristina

205 4155 413 4232 peccatorum
437 4149 603 4232 contagia,

206 4250 265 4315 sed
287 4251 419 4333 sapiens
437 4259 488 4314 est
509 4250 667 4333 medicus,

206 4353 407 4435 omnipotens
430 4361 481 4416 est
500 4352 654 4417 dominus.

204 4513 253 4579 De
276 4514 362 4578 mala
384 4514 613 4579 consuetudine

205 4625 256 4681 est
277 4617 396 4681 efficax
419 4637 469 4681 me
492 4617 626 4701 tollere,

205 4719 449 4802 quisuscitavit
471 4717 632 4784 Lazarum

206 4819 461 4904 quadriduanum
485 4829 651 4886 mortuum.

884 1119 991 1186 David
1012 1127 1088 1206 post
1109 1128 1174 1186 tam
1195 1122 1365 1190 immania

883 1223 1031 1307 poenituit
1053 1223 1177 1306 flagitia
1462 1226 1503 1292 00

789 1325 832 1387 dt
884 1334 918 1388 et
939 1333 1016 1411 post
1037 1324 1161 1390 laudari
1183 1328 1298 1394 meruit

884 1446 942 1494 ore
963 1430 1064 1513 ipsius
1088 1430 1215 1495 domini.

882 1606 977 1674 Unde
999 1629 1132 1676 securus
1154 1612 1295 1693 credidi,

883 1731 904 1775 a
925 1719 1133 1794 peccatorum
1154 1713 1294 1778 vinculis

882 1831 933 1876 me
955 1815 1019 1878 cito
1042 1832 1141 1897 posse
1162 1817 1247 1896 erni,
1464 1817 1499 1881 tt

885 1917 913 1980 si
936 1923 970 1981 tu
992 1925 1112 1981 tantum
1135 1919 1277 2002 petieris,

883 2097 991 2162 Mater
1012 2098 1263 2182 misericordiae,

883 2201 932 2266 sic
953 2200 1100 2267 affectum
1123 2202 1355 2288 comprendere

884 2304 993 2379 vales,
1017 2324 1090 2387 quie
1111 2323 1212 2369 vocas
1234 2305 1350 2390 impios

884 2415 917 2473 et
939 2425 1002 2473 non
1025 2408 1153 2492 spernis
1175 2408 1369 2474 incredulos.
1463 2409 1504 2476 80

884 2584 966 2661 Quid
987 2586 1019 2649 iu
1041 2585 1147 2651 Maria
1169 2588 1331 2670 gesseris,

883 2688 971 2753 illam
992 2688 1065 2753 dico
1086 2685 1303 2772 Aegyptiam,

882 2807 1018 2873 prorsus
1040 2790 1131 2853 novit
1152 2790 1291 2855 ecclesia

884 2899 918 2955 et
941 2892 1118 2956 exultatio
1141 2892 1256 2974 gratia.

884 3072 1082 3156 Theophilus
1104 3073 1235 3137 diaholo
1388 3132 1391 3137 .
1462 3074 1508 3141 85

883 3193 942 3241 suo
965 3176 1059 3240 datus
1082 3175 1299 3259 chirographo

874 3278 973 3360 quasi
996 3298 1017 3342 a
1039 3277 1138 3342 fundo
1160 3277 1305 3342 barathri

875 3399 942 3485 [per
964 3386 996 3442 te
1019 3378 1131 3443 reduci
1152 3379 1264 3461 potuit.

882 3554 949 3620 Sed
973 3556 1044 3638 quis
1066 3556 1175 3620 verbis
1201 3555 1469 3642 comprenderat,

882 3661 936 3724 vel
959 3660 1119 3742 scriptura
1141 3658 1322 3740 digereret,
1463 3661 1508 3725 00

742 3844 745 3850 ⁴
882 3761 999 3826 cotidie
1022 3778 1103 3842 quos
1124 3760 1245 3823 liberas

881 3871 915 3927 et
937 3864 999 3929 deo
1022 3862 1237 3927 reconcilias?

879 4042 937 4107 llis
955 4042 1024 4127 jam
1049 4041 1103 4105 diu
1124 4041 1333 4125 praemonitus

881 4149 924 4213 ad
947 4158 980 4213 te
1003 4149 1134 4229 coniugi
1158 4147 1322 4228 credulus,

881 4272 922 4315 ne
944 4271 1013 4333 me,
1035 4252 1106 4334 pia,
1130 4250 1264 4335 abjicias
1462 4252 1505 4316 05

881 4354 1020 4437 supplex
1043 4370 1117 4434 oro,
1139 4354 1195 4416 vel
1218 4352 1357 4416 differas.

881 4516 1070 4582 Deuotionis
1093 4516 1242 4603 lacrimas

881 4621 1130 4703 quamprimum
1152 4620 1227 4684 mihi
1246 4622 1399 4704 impetra,

881 4731 916 4786 ut
938 4723 1001 4786 sint
1025 4724 1103 4786 satis
1125 4723 1266 4806 idoneae,

879 4844 969 4888 meas
992 4824 1107 4889 sordes
1132 4824 1250 4887 eluere.
1440 4825 1507 4892 100

205 4984 285 5049 Post
308 4986 434 5069 lapsum
456 4984 588 5050 Petrum
610 4987 743 5071 respicit
786 4990 827 5051 65
881 4987 998 5072 Turpis
1021 4987 1280 5070 concupiscentia

206 5096 239 5151 et
261 5107 379 5169 magno
402 5087 478 5151 lletu
501 5091 657 5170 concutit,

205 5208 267 5253 nec
288 5189 485 5256 Chananaeae
506 5192 659 5275 precihus

205 5294 316 5356 abnuit
337 5293 391 5356 hic
411 5294 580 5378 propitius.

881 5111 1001 5175 corpus
1024 5111 1085 5156 nec
1108 5099 1245 5154 mentem
1269 5092 1408 5174 polluat,

881 5214 976 5277 quam
999 5196 1058 5257 sub
1081 5201 1135 5258 tua
1159 5194 1305 5259 custodia

876 5298 947 5380 jam
970 5297 1142 5383 deputavi,
1167 5299 1302 5365 domina.
