3250 6517
511 1544 1124 1670 humlonmmnunm

769 1802 867 1812 ——n

160 1936 164 1941 ’
273 1939 352 2010 621.
388 1936 516 2010 Oratio
542 1936 587 2007 ad
614 1936 792 2010 dominum
819 1952 854 2012 et
879 1939 924 2012 ad
949 1965 1071 2012 omues
1097 1948 1237 2010 sanctos
1264 1937 1350 2036 ejus.

196 2149 269 2239 bens,
287 2168 381 2242 pater
403 2159 620 2242 credentium,

197 2257 258 2322 salus
275 2262 305 2326 iu
326 2272 359 2326 te
382 2264 597 2346 sperantium,

198 2362 284 2426 eraudi
303 2382 421 2447 preces
445 2365 584 2447 servuli,

197 2477 252 2540 qum
268 2464 367 2528 fundit
389 2464 491 2529 corde
514 2465 660 2548 supplici.

195 2622 239 2688 issi
250 2628 302 2692 ‚dei
321 2630 482 2713 piissime,
766 2633 786 2694 5

195 2725 313 2810 diguatus
334 2733 427 2797 nasci
447 2732 592 2815 virgine,

195 2833 284 2897 mandi
304 2835 413 2899 cordis
435 2834 573 2900 hostiam

194 2937 269 3012 patris
288 2937 406 3002 sedens
429 2937 471 3002 ad
493 2937 670 3004 dexterum.

195 3091 341 3165 tutorum
363 3109 477 3166 sancte
500 3101 648 3186 spiritus,

196 3194 290 3266 dextra
311 3203 366 3266 dei
387 3213 423 3269 tu
446 3202 584 3287 digitus,
746 3207 786 3270 10

194 3305 280 3368 uentis
299 3315 428 3373 secreta
452 3308 549 3372 visita

194 3409 283 3489 tuaque
302 3410 395 3494 reple
418 3411 534 3493 gratia.

193 3562 316 3636 Personis
337 3581 451 3638 saneta
472 3574 616 3656 trinitas,

193 3671 235 3732 sed
254 3674 366 3740 deitate
388 3677 512 3757 unitas,

193 3771 282 3841 adesto
302 3780 382 3842 meis
403 3780 571 3862 precihus,
748 3781 788 3842 15

192 3879 255 3942 votis
273 3882 385 3946 favens
407 3883 615 3966 supplicibus.

191 4030 267 4122 Auge
286 4042 397 4124 fidem,
421 4050 455 4107 tu
478 4044 623 4125 trinitas,

192 4155 262 4222 tpem
280 4166 381 4230 auge,
404 4154 519 4212 saneta
536 4148 658 4229 unitas,

193 4250 218 4305 ut
234 4255 260 4310 ta
279 4249 429 4330 colendo,
452 4249 572 4330 deitas,

192 4361 230 4409 ue
246 4349 345 4416 hrmet
366 4360 423 4416 tua
445 4352 574 4416 caritas.
602 4413 611 4434 ‚
746 4354 790 4418 20

191 4507 236 4586 Oti
255 4515 460 4581 deus-homo
484 4517 601 4582 diceris

188 4622 212 4678 ot
229 4639 319 4685 verus
341 4621 437 4687 homo
462 4623 621 4703 nosceris,

183 4735 324 4790 umento
349 4727 413 4790 mei
437 4726 587 4808 hominis,

180 4842 240 4890 cum
255 4827 407 4912 judicare
429 4830 569 4893 veneris.

174 4983 302 5067 inhoc,
323 4989 412 5070 quod
433 5009 545 5054 manes
569 4991 689 5074 deitas,
749 4993 791 5055 25

171 5093 276 5157 reatds
300 5092 375 5157 delo
398 5095 558 5179 sarcines,

169 5202 201 5258 ut
222 5194 302 5276 hoo,
327 5195 416 5277 quod
439 5215 475 5261 es
498 5198 698 5283 humanitas,

166 5295 207 5360 ad
229 5316 283 5360 me
305 5295 460 5362 deflectat
482 5299 598 5382 pietas.

207 5427 296 5485 none,
310 5426 397 5475 tutela.
413 5428 535 5487 nsum.
553 5431 597 5478 111.

837 2166 984 2248 Regnum
1004 2163 1123 2246 jurasti
1145 2159 1309 2244 patribm,

838 2268 1011 2353 promisisti
1034 2265 1244 2348 sequacibus,
1417 2257 1460 2322 30

838 2380 873 2436 ut
895 2379 1044 2435 servetur
1065 2366 1254 2452 promissio,

838 2493 972 2555 regnum
995 2468 1139 2536 concede
1161 2466 1291 2532 famulo.

839 2636 1007 2701 Concedat
1029 2642 1084 2697 tua
1106 2632 1229 2715 pietas,

839 2758 912 2821 quae
935 2735 1083 2819 deposcit
1104 2730 1282 2810 humilitas,

838 2849 874 2907 ut
895 2839 981 2923 quod
1003 2837 1151 2920 promisit
1171 2834 1308 2914 caritas,
1417 2829 1460 2892 35

839 2948 1032 3024 assequatur
1053 2937 1227 3002 heredites.

838 3105 960 3188 Maria,
983 3104 1078 3185 virgo
1100 3100 1278 3182 virgiuum,

839 3207 1070 3292 redemptionis
1093 3203 1227 3280 ostium,

839 3323 936 3398 porta
957 3311 1070 3376 salutis
1092 3298 1237 3390 integra,

839 3418 941 3500 lapsis
963 3415 1124 3480 cervicem
1147 3409 1268 3475 releva.
1421 3405 1463 3468 40

839 3579 968 3645 Petenti
989 3593 1116 3640 manum
1138 3573 1288 3657 porrige,

841 3682 958 3764 qnietis
980 3697 1075 3762 opem
1094 3678 1199 3740 tribue

841 3793 874 3850 et
895 3804 956 3869 per
978 3791 1065 3846 tuum
1088 3779 1239 3844 auxilium

841 3888 974 3972 placare
999 3904 1077 3951 onra
1098 3882 1205 3947 filium.

841 4051 968 4133 Regina
990 4048 1079 4127 ooeli,
1103 4045 1249 4122 domine,
1423 4037 1466 4100 45

842 4161 946 4216 meter
968 4147 1021 4212 dei
1043 4145 1237 4223 castissima,

843 4262 879 4320 ut
899 4268 1012 4316 manus
1035 4252 1170 4332 praestet
1191 4243 1265 4324 filii,

844 4353 931 4438 quod
953 4367 1069 4415 servus
1090 4346 1211 4431 posuit,
1233 4341 1379 4410 subveni.

845 4517 892 4583 Tu
914 4513 1056 4581 Michael
1079 4509 1295 4592 archangele,

845 4619 920 4684 coeli
940 4617 1093 4700 princeps
1115 4611 1254 4692 militiae,
1425 4605 1469 4668 50

845 4737 904 4784 ora
926 4716 1077 4781 draconis
1100 4720 1254 4792 concute,

846 4843 886 4888 ne
908 4827 1047 4886 noceant
1069 4819 1101 4882 in
1123 4816 1267 4881 vulnere.
1403 4841 1405 4844 ⁴

845 4988 1012 5069 Interpres
1031 4982 1085 5046 dei
1106 4979 1240 5046 Gabriel

845 5100 878 5158 et
900 5087 1060 5154 medicina
1081 5081 1232 5166 Raphael

846 5213 919 5260 oum
941 5190 1108 5276 cherubim
1131 5195 1164 5252 et
1186 5182 1364 5268 seraphim,
1428 5175 1469 5237 55

847 5297 951 5363 hostis
974 5302 1090 5360 necate
1112 5291 1271 5355 haeresim.

1217 5398 1240 5462 1
