3250 6517
151 1116 199 1163 um
220 1103 326 1161 matre
346 1093 478 1180 pietatis
678 1093 779 1175 Quem
800 1112 863 1180 pro
884 1095 978 1163 nohis
1000 1094 1200 1181 deprecare,

151 1207 172 1263 rt
193 1197 405 1284 perennitatis
678 1204 715 1261 ut
736 1197 770 1261 iu
790 1197 874 1262 horu
894 1199 1006 1264 mortis
1029 1199 1118 1265 clare

151 1323 193 1367 em
215 1304 271 1387 pie
292 1300 437 1378 donasti,
721 1299 785 1363 tuis
807 1299 960 1385 precihus
981 1299 1192 1388 adjuvemur,
1262 1304 1303 1367 15

151 1491 230 1557 lium
251 1490 456 1576 paupertatis
581 1487 621 1553 10
672 1486 780 1552 Finita
801 1489 871 1554 vita
893 1489 1061 1574 hospitare

151 1594 316 1659 >lunanum
337 1591 508 1673 claritatis,
673 1607 745 1656 cum
766 1589 871 1656 Jhesu
893 1590 1024 1659 Christo
1046 1602 1080 1660 et
1102 1613 1235 1662 coenere

151 1716 157 1758 t
180 1694 312 1760 Christo
334 1693 517 1776 famulasti3
715 1698 838 1758 etcum
861 1691 974 1757 electis
995 1694 1203 1776 gratulemur.

151 1878 217 1934 ›lls
232 1893 290 1934 rou
305 1878 467 1934 lleicheusu
484 1895 520 1933 su
539 1876 695 1933 Knrlsruhe
717 1875 771 1932 No.
790 1876 835 1931 91.
853 1874 896 1932 nt
913 1876 975 1932 m.
997 1892 1049 1933 aus
1066 1876 1129 1933 dem
1147 1880 1181 1932 11
1197 1878 1290 1936 Jehrlr

151 1964 261 2036 leitng
278 1963 329 2019 cler
346 1963 435 2019 Versa
453 1964 510 2019 sstl
528 1963 682 2035 Strephen.

480 2246 567 2321 949.
607 2245 668 2317 lle
693 2243 824 2318 eadem.

151 2448 283 2529 rtrudis,
305 2448 401 2530 virgo
424 2454 535 2530 grata,
674 2444 702 2511 0
723 2448 820 2530 virgo
842 2448 1091 2530 misericordiae,

151 2552 169 2615 li
189 2551 292 2633 stirpe
313 2557 404 2632 nata,
674 2547 812 2614 feliciter
834 2567 894 2616 ors
1258 2553 1301 2621 ts

170 2649 326 2715 muudme
348 2668 413 2715 non
435 2651 587 2734 sprevisti
674 2648 809 2714 Jhesum
831 2649 947 2717 hieriae
968 2649 1085 2735 filium,

151 2771 205 2815 em
228 2751 332 2816 Jhesu
355 2749 492 2833 Christi,
674 2757 710 2814 ut
731 2750 825 2814 uobis
848 2749 904 2815 det
925 2752 1077 2817 auxilium

151 2874 202 2920 am
225 2855 469 2935 demonstrasti,
602 2857 621 2918 5
674 2853 849 2934 benignum
871 2861 906 2916 et
926 2854 1099 2937 hospitium

151 2975 159 3018 ι
182 2963 217 3020 et
238 2955 343 3020 nudos
366 2956 550 3038 collocasti,
674 2972 760 3020 nunc
781 2963 816 3019 et
837 2957 871 3019 in
892 2965 1085 3040 perpetuum

151 3080 155 3120 ι
179 3068 213 3124 tu
236 3058 378 3142 hospitia
717 3059 750 3121 iu
774 3076 835 3123 suo
857 3058 980 3141 palatio
1258 3064 1300 3126 15

151 3163 158 3226 i
180 3161 380 3225 suavissima.
718 3179 789 3226 cum
808 3168 932 3227 aeterno
955 3160 1083 3245 gaudio.

151 3347 217 3402 rlbst
234 3346 298 3418 (li),
317 3347 390 3401 auch
407 3346 444 3399 im
462 3345 598 3401 llortulus
616 3344 716 3400 anima
733 3345 777 3402 Bl.
795 3348 847 3401 131
865 3346 930 3417 (ll).

151 3487 182 3525 rs.
202 3466 276 3523 fehlt
293 3467 324 3523 rt
376 3469 448 3524 liat
466 3466 539 3524 fehlt
555 3469 587 3523 lt
640 3471 717 3524 'ltu
734 3465 807 3525 fehlt
823 3469 854 3524 lt
907 3471 1003 3526 hmis.
1021 3469 1095 3529 fehlt
1110 3472 1143 3530 ll.
1199 3472 1233 3526 10
1250 3471 1301 3528 das

153 3573 228 3630 egen
245 3553 333 3610 sollte
352 3557 424 3611 nach
442 3566 495 3611 ora
512 3561 589 3611 etws
605 3554 651 3628 pie
669 3554 775 3612 steheu
812 3556 847 3612 tt
858 3552 932 3614 fehlt
949 3557 981 3613 9

318 3839 404 3913 950.
438 3835 613 3912 Gereonio
642 3851 677 3912 et
703 3841 878 3914 sociorum
903 3839 989 3940 ejus

152 4054 163 4117 i
185 4061 406 4118 sacrosanctas
676 4053 774 4119 (lives
797 4052 912 4119 domhs
933 4053 1111 4119 Pharaonis

158 4174 232 4221 cum
255 4156 470 4240 triumphante
677 4157 840 4223 civitatem
861 4156 997 4223 visionis
1176 4156 1179 4161 ⁴

151 4282 156 4323 ;
178 4259 319 4324 ecclesia
569 4250 574 4261 ”
719 4261 850 4326 visitant
871 4268 905 4326 ct
925 4254 1117 4347 praesulem,

151 4362 227 4447 rpho
250 4361 463 4429 Thebaeorum
677 4385 699 4428 a
717 4382 781 4446 quo
803 4364 891 4430 sacri
911 4365 1099 4432 catechismi

151 4486 160 4529 e
182 4473 390 4549 peccatorum
603 4468 623 4529 5
677 4467 888 4531 sacrameut'm
909 4475 944 4533 et
964 4467 1115 4551 baptismi
1178 4467 1182 4474 '

151 4586 241 4633 orum
263 4568 428 4652 suffragia.
720 4570 905 4641 imbuuntur
926 4571 1042 4653 grstia.

158 4758 222 4821 viri
243 4759 445 4839 testamenti,
677 4758 790 4823 Romae
812 4757 878 4821 liele
900 4756 1097 4840 confirmati,
1183 4816 1185 4823 .

151 4880 202 4926 am
223 4859 406 4925 detrimenti
679 4866 787 4926 castra
809 4860 941 4925 mouent
961 4860 1104 4925 comitati

151 4971 201 5028 rnt
222 4964 378 5047 angelici,
722 4962 939 5028 Romanorum
961 4962 1100 5044 aquilas:
1174 5036 1176 5041 ,

151 5084 190 5135 es
211 5067 283 5131 tori
304 5062 425 5148 David,
585 5066 625 5131 to
680 5064 730 5130 dis
752 5060 899 5151 profanis
920 5064 1088 5141 immolare

151 5176 253 5234 nostes
274 5166 475 5253 expugnavit
675 5171 771 5254 jubet
792 5187 896 5234 caesar
918 5175 953 5233 et
973 5184 1097 5233 vocare

151 5294 193 5359 u,
215 5274 382 5360 muudum,
404 5273 591 5340 daemonum
724 5274 939 5361 Thebaeorum
962 5271 1101 5361 agmina.
1198 5342 1202 5358 ⁶

151 5405 238 5452 utera·
253 5407 378 5462 osunen.
397 5407 441 5452 ιιι.
740 5374 745 5385 ’
1013 5370 1019 5379 ’
1057 5373 1101 5442 21
