3250 6517
168 941 236 1009 480

168 1126 213 1195 Ut
235 1144 377 1193 amemus
400 1143 529 1209 semper
551 1122 713 1188 Christum
843 1117 951 1204 Ergo,
972 1127 1085 1204 pater,
1107 1118 1150 1185 sle
1171 1118 1336 1205 profundo
1474 1108 1476 1153 ⁴

169 1239 203 1296 et
224 1247 414 1316 spernamus
437 1227 589 1292 mundum
610 1226 704 1290 istum
845 1222 954 1287 oordis
974 1241 1036 1288 neo
1057 1241 1206 1290 nonore
1226 1223 1346 1290 nunilo
1474 1239 1476 1302 J

212 1350 285 1397 oum
306 1330 374 1396 suis
396 1327 575 1409 blanditiis,
751 1325 791 1387 15
887 1332 922 1390 te
943 1342 1097 1409 rogamus
1116 1326 1246 1407 intimo,

168 1433 260 1499 virus
282 1431 389 1498 earnis
411 1437 616 1495 conteramus
844 1437 880 1492 ut
900 1435 933 1493 te
950 1429 1044 1493 nobis
1065 1436 1288 1513 proteetorem
1413 1427 1443 1490 lt

169 1542 380 1617 satanamque
402 1540 647 1618 prosternamus
844 1531 995 1614 praebens
1017 1537 1052 1594 et
1073 1529 1301 1614 defensorem,

212 1656 285 1703 oum
306 1636 372 1702 suis
393 1636 540 1703 fallaciis.
888 1638 1013 1713 martyr
1030 1632 1255 1699 inviotissine.

168 1824 250 1892 oete
273 1824 416 1908 eulpam,
439 1822 482 1887 da
503 1821 669 1901 virtutem,
844 1820 1024 1905 Impetrare
1046 1822 1141 1888 uobis
1162 1822 1264 1907 velis,

168 1929 256 2013 pelle
277 1928 442 2007 morbum,
466 1923 509 1988 (la
532 1923 683 2004 salutem,
749 1920 791 1983 20
844 1942 885 1987 ne
907 1941 967 1988 nos
989 1931 1082 1989 satan
1104 1923 1172 1990 suis
1194 1908 1289 1990 telis'

211 2046 335 2114 pravos
356 2045 465 2092 mores
488 2026 637 2107 oorrige;
886 2024 1058 2109 perforare
1079 2027 1209 2111 valeat,
1413 2030 1445 2092 lt

168 2131 245 2196 leva
265 2131 393 2214 lapsos,
416 2137 491 2194 tene
513 2134 636 2191 stantes
844 2128 904 2194 sed
926 2131 954 2194 si
977 2138 1080 2196 tentet
1101 2131 1145 2196 aul
1167 2131 1335 2216 delictum,

169 2241 204 2300 et
226 2233 375 2299 eonforta
398 2231 588 2296 vacillantes
844 2247 904 2296 nos
927 2230 1071 2296 vietores
1094 2241 1128 2296 et
1150 2251 1187 2296 se
1210 2233 1330 2301 vietum

213 2341 424 2415 errantesque
447 2332 562 2415 dirige.
886 2334 920 2396 in
943 2340 1099 2398 aeternum
1122 2333 1242 2400 dolent

169 2520 369 2587 Praedioator
390 2518 556 2599 veritatis,
749 2517 791 2578 25
843 2520 908 2585 Pro
931 2522 1044 2586 amieis
1067 2523 1188 2588 nostris
1211 2524 1334 2591 eunetis

170 2625 225 2708 qui
246 2623 399 2688 doctores
421 2620 572 2684 falsitatis
844 2622 951 2688 adhue
972 2624 1058 2688 vivis
1082 2632 1115 2689 et
1138 2624 1300 2693 deiunetis
1411 2626 1441 2688 50

213 2726 408 2792 oonvinoens
431 2723 602 2788 haeretioos
887 2743 1040 2809 rogamus
1062 2728 1270 2813 suppliciter,

168 2835 254 2899 viam
277 2833 355 2896 vitae
378 2831 516 2896 docuisti
844 2838 879 2894 ut
900 2831 1050 2893 viventes
1074 2830 1231 2895 custodiri

168 2947 203 3002 et
223 2937 258 3001 in
278 2934 345 2999 fide
367 2934 449 3000 Jesu
472 2931 592 2997 Christi
843 2942 878 2998 et
899 2933 1068 3000 delurwtos
1090 2954 1155 3002 non
1177 2939 1285 3022 puniri

212 3037 358 3102 formasti
381 3036 569 3101 catholicos.
747 3034 790 3098 30
886 3056 1044 3121 prooures
1068 3043 1266 3124 perenniter.

167 3227 308 3311 Propter
329 3225 418 3309 quod
437 3245 497 3310 per
520 3224 623 3290 diram
645 3231 782 3291 mortem
843 3222 994 3298 Ordinem
1017 3227 1270 3310 praedicatorum
1412 3161 1476 3292 551

168 3327 316 3395 christus
338 3329 416 3393 leoit
439 3336 472 3392 te
494 3335 676 3393 consortem
843 3328 884 3391 ab
905 3328 939 3390 in
961 3346 1057 3394 eursu
1079 3328 1295 3415 malignorum

212 3448 426 3514 supernorum
447 3430 565 3496 nivium
887 3429 1069 3498 daemonum
1092 3444 1126 3499 et
1148 3434 1312 3504 hominum

168 3532 257 3597 etin
279 3549 383 3613 regno
406 3530 562 3596 claritatis
808 3586 813 3593 .
842 3531 898 3599 hio
919 3542 1012 3600 tuere
1034 3543 1068 3600 et
1090 3538 1229 3602 emenda

168 3636 226 3701 tibi
249 3632 339 3700 (ledit
360 3652 433 3700 oum
456 3636 560 3701 beatis
748 3636 790 3698 35
843 3643 961 3701 statum
983 3638 1055 3723 ejus
1080 3648 1114 3704 et
1137 3642 1330 3709 commenda

212 3735 441 3820 sempiternum
464 3734 625 3818 gaurdium.
887 3757 1017 3825 semper
1039 3741 1127 3826 apud
1149 3742 1321 3811 dominum.
1415 3742 1447 3807 tt

254 3920 303 3976 lls.
322 3917 446 3974 ehemals
464 3934 499 3972 au
516 3916 676 3975 Amorbaelr
696 3933 753 3973 von
771 3919 849 3972 1455.

255 4059 272 4112 6
290 4057 377 4114 Theb.
396 4055 444 4113 fir
462 4058 595 4129 Aegypti.
614 4057 667 4113 No.
677 4059 720 4113 30.
732 4060 775 4113 31.
792 4058 845 4115 Νο.
854 4059 964 4129 513,10.
984 4063 1018 4115 tt
1031 4078 1203 4134 spernemus,
1220 4064 1271 4120 lis.
1303 4065 1340 4121 38
1353 4061 1448 4133 ου’,Ηι

481 4342 591 4415 1125.
629 4341 842 4416 Iniustos
870 4344 972 4417 Petri
998 4353 1177 4451 martyris

179 4543 223 4608 od
244 4561 392 4626 vesperos
413 4562 509 4626 sopor
526 4546 667 4627 psalmos
688 4549 772 4613 outt-

418 4645 532 4728 ploos.

166 4779 355 4846 cnllaetetnr
379 4787 474 4849 turba
495 4784 637 4852 fidelium
840 4737 924 4804 Dum
946 4736 1277 4859 ‚sffmlsonssyulpoe
1301 4741 1416 4825 ‘lum’

165 4884 390 4969 triumphantis
414 4887 546 4952 athletae
568 4891 704 4974 gaudio,
884 4844 926 4906 ab
947 4861 1063 4924 mulum
1086 4851 1221 4961 ΨΜ
1279 4948 1288 4965 .

165 4989 219 5070 qui
242 5006 441 5055 conservans
463 4991 596 5076 pudoris
617 4994 717 5061 lilium
840 4951 939 5061 ΜΨ
952 4946 1205 5063 .”Μ.ῙΙ“Μ
1220 4948 1318 5064 ,Μ’
1475 5047 1476 5050 ,

164 5097 201 5154 et
222 5109 398 5157 oorusoans
422 5094 579 5160 doetrinae
601 5096 695 5163 radio
859 5055 961 5166 ,m
983 5065 1115 5166 ΜΨ
1137 5048 1317 5171 sunm&
1412 5042 1444 5106 ω
1475 5071 1476 5155 ἶ

165 5192 239 5258 dum
262 5214 322 5280 pro
344 5196 411 5262 fide
434 5201 520 5265 subit
542 5200 742 5284 martyrium,
767 5204 786 5266 5
840 5169 888 5217 ⁸¹⁰
909 5151 1060 5235 mmm
1082 5151 1347 5270 palmamssmt’

163 5295 248 5361 trino
270 5295 348 5362 felix
370 5299 492 5381 potitur
514 5301 638 5366 bravio.
884 5253 957 5319 dum
980 5273 1042 5339 pm
1064 5253 1130 5320 ΜΟ
1152 5263 1298 5321 mum

1033 4583 1281 4662 reponsorium
