3250 6517
532 1285 618 1356 969.
650 1281 777 1356 Oratio
803 1280 848 1353 de
874 1307 903 1354 s
929 1276 1126 1355 Jeronimo.
1174 1348 1181 1367 ,

178 1487 255 1556 Ave
278 1507 404 1572 gemma
428 1487 634 1568 clericorum,
852 1483 1040 1568 Deprecare
1062 1483 1198 1548 Jhcsnm
1221 1481 1394 1563 christum,

173 1590 275 1674 jubar
296 1590 453 1671 stellaque
475 1587 660 1670 doctorum,
853 1594 888 1649 nt
909 1593 986 1667 post
1007 1583 1157 1649 mundum
1181 1603 1321 1666 nequam
1342 1584 1447 1648 istnn'

220 1691 418 1775 praedicator
437 1691 577 1774 inclyta,
896 1689 929 1751 in
952 1687 1076 1751 coelesti
1099 1688 1237 1753 culmine

175 1794 375 1877 exstirpator
397 1791 609 1876 perfidorum,
853 1790 953 1856 donet
973 1793 1067 1857 nobis
1089 1811 1160 1856 cum
1182 1791 1290 1856 beatis
1424 1788 1452 1853 11

174 1897 354 1963 illustrator
377 1896 584 1977 devotorum,
779 1893 799 1954 5
853 1903 975 1958 aeterne
998 1895 1188 1976 glorificatis

219 2015 239 2062 o
262 2004 373 2062 sancte
396 1996 584 2062 Jerouimo!
896 1997 1083 2079 perenniter
1104 1997 1228 2060 vivere.

267 2152 315 2207 Hs.
333 2169 369 2207 nn
388 2150 560 2216 Karlsruho‚
587 2164 614 2202 o.
632 2147 685 2202 No.
710 2146 755 2201 Bl.
781 2147 824 2202 88.
851 2146 977 2213 mitder
1000 2148 1192 2221 Bemerirung:
1225 2150 1358 2222 scriptum
1379 2148 1453 2202 Rom

176 2237 252 2308 apud
275 2238 394 2294 Mariam
417 2239 555 2310 majorem
580 2235 657 2289 1139.
692 2234 770 2290 otrus
793 2236 970 2304 strophischa
994 2236 1179 2308 Abtheilung.
1222 2237 1406 2292 Reichenaner
1420 2232 1452 2288 lit

175 2324 230 2379 No.
240 2325 275 2378 36
293 2324 336 2378 Bl.
350 2326 403 2377 tot
421 2323 485 2393 (R).
521 2321 656 2377 Hortalus
675 2320 783 2374 animae.
802 2321 845 2376 BL
856 2325 907 2375 127
925 2323 990 2392 (H).
1025 2322 1073 2377 ils.
1092 2340 1127 2376 zu
1144 2322 1244 2393 Maian,
1263 2325 1335 2395 Aug.
1353 2320 1452 2377 [trau

176 2409 220 2465 Bl.
240 2412 299 2465 187.
318 2410 368 2464 des
388 2412 420 2463 15
438 2410 536 2465 tanrh.
556 2408 625 2478 (11).

265 2532 499 2588 1monachorum
516 2531 548 2585 R.
584 2529 733 2585 6Hieron.
748 2529 781 2584 Η.
818 2532 851 2583 11
870 2530 899 2584 in
917 2530 1136 2601 coeiisioetii,
1154 2531 1341 2604 perpetimii
1367 2528 1451 2615 121111

174 2616 230 2675 fine
247 2621 283 2676 Μ.

265 2759 334 2813 Eine
357 2759 462 2815 andare
486 2759 614 2829 Sequens
637 2755 691 2812 anf
708 2756 806 2812 diesen
829 2757 959 2829 Heiligen
983 2759 1059 2813 steht
1079 2757 1127 2813 bei
1150 2758 1267 2816 Garunna
1291 2760 1323 2816 S.
1340 2761 1396 2816 52&
1416 2770 1452 2813 ars

176 2844 237 2900 dem
254 2846 402 2902 Messbnch
422 2846 471 2901 des
488 2847 569 2902 Erab.
588 2846 722 2902 Bertholt
739 2861 796 2900 von
814 2846 906 2901 Maius
930 2845 987 2900 und
1005 2845 1090 2918 sangt
1106 2863 1141 2902 so
1158 2863 1210 2904 an:

280 2932 371 2987 Jubar
389 2950 492 2989 novum
510 2933 650 3001 radiavit,
965 2931 1066 2988 beatus
1084 2932 1266 3006 Jeronymns.

279 3018 407 3073 mnndum
425 3020 536 3089 quando
554 3019 709 3075 illustravit

263 3120 315 3176 Die
341 3123 425 3178 Form
450 3124 620 3195 Jeronymns
649 3124 686 3179 ist
709 3122 754 3178 die
782 3124 960 3195 gewinlicha
987 3125 1025 3180 im
1050 3125 1233 3198 mittemur,
1265 3128 1334 3184 weil
1350 3142 1408 3186 man
1422 3122 1454 3181 ὃ

176 3209 344 3281 Aspiration
361 3210 385 3265 Η
403 3210 555 3282 megliess,
573 3211 629 3266 und
646 3213 674 3267 ia
692 3211 736 3267 als
750 3212 784 3285 je
802 3215 915 3280 sprach.

388 3491 474 3565 970.
510 3492 569 3564 De
593 3518 619 3564 s.
641 3496 888 3596 Hieronymo,
912 3496 959 3568 ad
986 3523 1081 3597 resp.
1107 3497 1269 3598 hymnus.

173 3696 335 3782 Hymunm
356 3715 475 3760 novum
500 3695 705 3764 decantemus
892 3701 1035 3782 linguam
1057 3710 1090 3765 et
1111 3705 1370 3787 grammaticam,

217 3799 391 3865 modulatis
414 3799 563 3882 vocibus,
849 3801 1049 3866 Victorinum
1072 3812 1249 3888 oratorem,

172 3901 383 3986 Jeronymnm
405 3903 625 3985 inploramus,
893 3926 913 3969 a
937 3922 1001 3989 quo
1025 3916 1059 3970 et
1080 3908 1285 3973 rhetoricam.

217 4013 342 4087 patrem
365 4006 452 4089 pinm
475 4006 633 4086 omnibus,

172 4115 208 4174 ut
231 4110 379 4191 assistat,
402 4109 589 4174 festinemus

217 4210 353 4275 sinceris
375 4209 552 4275 affectibus.

776 4113 794 4173 5
849 4066 1099 4133 sacrosanctam
1122 4071 1356 4154 scripturarum

892 4172 1079 4252 abyssulum
1101 4172 1231 4239 fluvium
1405 4170 1451 4235 -at

848 4273 1078 4356 incurrentem,
1101 4295 1197 4357 qnam
1218 4260 1406 4362 praeclarum

171 4370 327 4437 Mundum
349 4390 468 4437 novum
489 4381 744 4439 contemnentem
891 4376 996 4457 anxit,
1018 4385 1052 4440 st
1073 4379 1273 4459 praeconinna

215 4494 259 4538 ex
279 4472 442 4540 stridonis
465 4479 587 4561 oppido
848 4476 1074 4542 effundendum
1097 4482 1196 4545 rebus
1216 4482 1367 4566 planum,

170 4576 400 4659 heremumque
420 4579 581 4644 sitientem
890 4579 1068 4661 quoderat
1089 4589 1155 4645 tam
1177 4602 1340 4667 asperum.

214 4699 259 4743 ex
279 4686 373 4763 patro
396 4679 556 4764 Eusebio,

169 4785 272 4850 nobili
293 4805 336 4849 ex
357 4787 458 4870 stirpe
480 4796 589 4852 natum

212 4888 332 4956 confini
352 4889 528 4958 Pannonio.

752 4686 792 4749 ¹⁰
845 4741 971 4826 Decus,
993 4744 1097 4811 honor
1118 4744 1182 4812 deo
1204 4750 1293 4832 patri
1419 4744 1450 4808 tt

860 4855 862 4858 ⁴
889 4850 932 4913 sit
953 4849 1090 4933 ejusque
1111 4848 1180 4917 filio

845 4968 930 5016 nnnc
952 4959 985 5014 et
1007 4951 1133 5036 spiritui
1156 4963 1290 5039 sancto,

166 5048 291 5119 Verum
312 5053 562 5122 lumennostrae
583 5055 661 5121 vitae
887 5053 1013 5120 doctori
1036 5054 1169 5140 eximio,

174 5225 178 5231 ,
208 5166 387 5241 petentem,
409 5159 596 5225 hebraicam
843 5176 939 5240 quem
961 5157 1106 5223 salvator
1127 5159 1314 5226 sublimavit

162 5257 259 5323 simul
281 5277 424 5341 graecam
446 5268 480 5326 et
500 5259 632 5325 latinam
747 5259 787 5324 1⁵
883 5261 1080 5345 sempiterno
1102 5263 1235 5329 saeculo.
1419 5254 1452 5320 3⁰
