3250 6517
169 952 236 1020 070

167 1139 270 1207 Salve
290 1137 421 1205 vietima
442 1139 558 1220 beau,

168 1244 202 1307 in
225 1259 341 1309 eruore
360 1247 594 1324 eonsummata,

169 1346 307 1430 petimus
330 1342 504 1410 dilacerari
700 1418 705 1431 ἱ

169 1454 313 1513 nostrum
335 1462 454 1529 oorpus
477 1450 511 1509 et
532 1442 643 1511 irioari
752 1444 794 1508 00

168 1632 233 1698 Per
254 1639 430 1716 puncturas
452 1630 507 1697 hio
527 1631 690 1716 poenales,

168 1761 211 1805 ne
233 1757 293 1806 nos
314 1747 461 1824 pungant
482 1740 671 1823 aeternales,

170 1850 204 1909 et
225 1844 258 1907 in
281 1842 380 1908 eorde
403 1843 451 1909 sio
472 1842 659 1929 compungi,

167 1948 226 2013 tibi
248 1946 335 2031 quod
353 1946 513 2031 possimus
531 1945 637 2031 jungi.

169 2135 270 2203 Salve
292 2142 418 2218 martyr
439 2143 473 2198 et
494 2132 633 2214 mviota,
752 2132 793 2195 05

169 2236 291 2304 Christi
313 2253 434 2320 sponsa
455 2233 642 2315 benediota,

166 2350 200 2406 te
221 2346 354 2425 petente
375 2339 469 2404 nobis
492 2336 599 2419 detur,

168 2451 204 2508 ιιι
227 2460 285 2507 eor
306 2450 451 2507 nostrum
472 2440 686 2506 inflammetur

166 2631 205 2697 ln
227 2648 337 2697 amore
359 2649 587 2714 supernorum,

167 2732 305 2798 flamm
328 2751 456 2815 quoque
478 2732 628 2797 ultimum
750 2732 791 2795 to

166 2833 230 2898 tuis
252 2834 357 2897 servis
380 2832 624 2915 extinguantur,

166 2936 221 3019 qui
242 2943 276 3001 te
297 2935 398 3002 eorde
420 2943 625 3001 venerantur.

166 3122 268 3190 Salve
290 3132 458 3206 constane,
480 3125 625 3188 animosa

166 3229 201 3293 in
224 3236 411 3312 conspeetu,
433 3227 553 3293 rubens
574 3243 662 3311 rosa,

170 3329 223 3395 iae
245 3337 280 3393 ut
301 3328 539 3393 salutiferorum
749 3330 791 3391 re

167 3433 276 3517 plagis
299 3431 557 3516 paenitentiarum

165 3618 204 3684 ln
224 3619 287 3685 has
308 3617 377 3684 vita
398 3619 550 3685 feriamur

165 3739 227 3804 pro
249 3723 394 3806 pensatis
415 3729 450 3787 et
471 3722 672 3805 soindamnr,

166 3823 277 3891 utlaio
298 3824 486 3910 poenitendo
508 3826 586 3892 eaesi

166 3945 350 3994 maneamus
372 3936 449 3996 tuno
469 3929 572 3995 illaesi.
747 3931 790 3996 80

846 1135 948 1205 Salve
969 1136 1055 1202 mitis
1077 1144 1112 1201 et
1132 1142 1287 1221 musta,

846 1238 999 1324 simplex,
1019 1240 1149 1324 petiens
1171 1246 1206 1305 et
1223 1238 1330 1325 jueta,

846 1341 939 1409 salve
960 1342 1073 1407 mortis
1095 1341 1296 1427 superatrix,
1484 1322 1485 1385 l

845 1445 940 1512 noun
962 1444 1009 1510 aa
1033 1444 1218 1510 ammam:
1482 1422 1485 1483 l

845 1634 948 1720 Apud
969 1632 1149 1716 Christum,
1168 1634 1223 1718 qni
1245 1632 1450 1701 tantorumil
1480 1632 1485 1719 ξ

846 1739 880 1803 in
900 1738 1063 1823 pressuris
1085 1742 1316 1803 tormentorum
1479 1726 1485 1783 ¹

846 1850 880 1906 te
902 1841 1090 1908 eoniortane
1111 1838 1257 1905 imitavit

847 1963 910 2029 pro
932 1951 965 2010 te
988 1961 1118 2028 quoque
1140 1942 1313 2009 dimicavit

849 2132 903 2199 Sis
925 2135 958 2199 in
980 2133 1188 2200 tribulatione

847 2238 942 2303 nobis
964 2244 1116 2303 oonstans
1137 2245 1171 2303 et
1194 2254 1317 2322 agone,
1422 2230 1455 2298 ii

847 2340 977 2424 quando
999 2360 1108 2406 smnus
1130 2341 1279 2407 morituri
1445 2338 1447 2343 ’

846 2464 890 2509 ex
912 2443 975 2508 hoo
998 2442 1116 2510 mundo
1139 2443 1324 2528 transituri,

846 2627 889 2696 Ut
910 2648 931 2692 a
953 2628 1047 2695 olnde
1069 2628 1164 2694 mala
1185 2630 1301 2695 mortis

846 2750 906 2797 nos
929 2729 1084 2796 defendat
1106 2732 1187 2797 deus
1208 2732 1305 2798 tortis

846 2841 880 2900 et
901 2836 1064 2901 oonoedat
1082 2834 1181 2900 finem
1203 2837 1337 2919 bonurn,
1424 2830 1463 2896 et

845 2938 933 3022 quod
954 2946 1006 3005 est
1027 2958 1127 3026 snper
1148 2957 1244 3005 omne
1266 2939 1392 3029 tionum.

844 3123 889 3193 Ut
910 3136 1047 3211 paeonia
1069 3127 1246 3196 defleamus

844 3237 879 3295 et
900 3239 976 3315 post
995 3241 1100 3299 tenum
1122 3232 1341 3317 gaudeamus,

845 3331 950 3398 donee
972 3341 1006 3398 te
1027 3334 1253 3417 patrooinante

843 3437 937 3503 nobis
960 3445 995 3502 et
1020 3439 1267 3523 interpellante,
1406 3432 1466 3499 100

844 3623 1006 3707 Quidquid
1023 3625 1115 3709 juste
1136 3625 1317 3709 rogitamus

844 3736 900 3795 aut
921 3746 1058 3793 neeesse
1079 3728 1296 3814 postulamur,

844 3836 881 3896 ut
902 3830 935 3893 in
957 3829 1082 3896 saumis
1104 3827 1302 3914 adjuvamen

844 3949 973 4015 semper
996 3931 1180 3997 sentiemus.
1211 3950 1316 3997 amem

256 4105 304 4162 iia.
329 4122 365 4162 sn
381 4105 537 4163 Karlsrulre
564 4123 591 4164 o.
608 4108 662 4165 lio.
680 4124 737 4167 von
755 4112 834 4167 1400.
852 4111 897 4167 Bi.
917 4112 974 4166 129.
992 4109 1066 4165 olene
1084 4109 1400 4183 Strophenletheilug.

259 4228 294 4283 18
312 4228 393 4283 deum
410 4226 485 4285 noni.
503 4230 550 4287 ils
598 4232 635 4287 00
651 4232 812 4305 ponderosa
830 4265 863 4277 -
882 4239 1018 4303 tammus,
1036 4233 1084 4289 lle.
1133 4234 1168 4288 dl
1187 4228 1399 4304 protundum,
1414 4227 1458 4287 Β·

170 4311 351 4369 ttinseldt
395 4314 639 4389 dtpnngnsstls
682 4316 1028 4393 ounpeneetpeeus
1073 4318 1234 4388 00οοοι
1271 4313 1459 4390 'liubm-

169 4400 203 4454 01
222 4399 395 4469 sumsimus,
413 4401 463 4456 ils.

521 4771 608 4846 896.
645 4771 773 4847 Oratio
796 4773 842 4846 de
867 4801 895 4848 e.
923 4775 1116 4848 Dorothei.

165 5013 267 5081 Salve
290 5023 403 5080 sanata
424 5015 605 5101 Dorothoa,

164 5114 241 5181 audi
263 5134 374 5198 quasso
394 5127 472 5184 vota
493 5139 581 5201 mea,

164 5226 300 5301 propter
320 5227 406 5285 tuam
428 5224 612 5305 passionem

164 5338 268 5386 menen
290 5323 409 5391 bonum
431 5325 484 5393 ino
506 5346 653 5411 agonem.

842 5022 948 5104 Virgo
969 5019 1113 5105 prudens
1134 5028 1168 5085 et
1189 5020 1342 5105 formose,
1428 5006 1442 5070 ⁵

842 5122 987 5209 paradisi
1008 5140 1150 5187 vernans
1170 5140 1271 5207 rosa,

842 5227 933 5290 salve
956 5227 1071 5310 virgo,
1093 5244 1216 5310 sponsa
1238 5226 1373 5310 Christi,

843 5335 878 5395 tu
899 5337 966 5395 tres
989 5331 1100 5396 hostes
1122 5348 1197 5413 quse
1219 5332 1342 5414 vieisti,
