3250 6517
188 912 253 984 ΜΩ

253 1098 351 1182 cmii,
374 1116 488 1184 terree,
511 1105 625 1188 meris,
931 1110 1035 1180 Natus
1058 1116 1100 1181 de
1122 1093 1252 1204 virgins

252 1205 441 1286 angelorum
467 1214 501 1271 et
523 1208 684 1309 hominnm
790 1214 809 1275 5
927 1219 981 1300 qni
1003 1220 1067 1284 non
1092 1220 1281 1307 dedignaris
1432 1229 1464 1292 to

253 1337 354 1416 Quem
379 1343 482 1406 solnm
506 1343 601 1407 deum
928 1323 1020 1404 ‘³³85
1041 1323 1084 1389 (¹0
1105 1330 1301 1411 peccatrice·

251 1442 441 1507 confitemur
463 1453 496 1510 et
517 1447 685 1512 hominem.

861 1507 891 1570 o.
920 1472 1143 1591 spumoso

184 1634 214 1693 2.
247 1630 308 1707 Qui
328 1640 523 1715 peccatores
547 1635 662 1699 venisti
926 1629 963 1674 θ’
985 1610 1177 1733 iflifflusss·

249 1741 284 1797 ut
305 1735 422 1832 salvos·
438 1736 580 1820 laceres,
924 1710 1040 1778 ΜΝ
1063 1716 1195 1782 ῐθῐῡῑὼῦ

924 1823 1106 1900 saturatum
1180 1881 1186 1888 .

922 1945 1059 2012 Multum
1081 1948 1213 2016 dimittis

921 2050 1056 2114 multum
1078 2056 1217 2138 amanti,

922 2170 985 2218 nec
1007 2155 1128 2220 crimen
1150 2167 1269 2241 postea

921 2261 1092 2340 repetenti.

247 1872 326 1939 Sine
348 1888 486 1959 peccato
505 1883 633 1964 peccati
765 1885 805 1952 10

247 1995 412 2041 assumens
435 1980 613 2046 formulam.

247 2109 389 2186 Quorum
412 2115 453 2178 de
477 2137 596 2199 grege,

245 2220 281 2276 ut
304 2213 515 2300 cananaeam,

245 2313 381 2379 Mariam
406 2321 544 2385 visitasti
563 2324 802 2410 Magdalenam,

179 2479 209 2541 3.
242 2476 366 2544 Eddem
388 2484 500 2550 mensa
761 2493 800 2554 15
856 2443 885 2503 ⁷·
915 2439 1090 2507 Daem⁰¹¹ii⁸
1429 2454 1458 2516 5⁰

245 2583 339 2645 verbi
361 2582 460 2647 divini
920 2563 993 2607 Μ
1016 2557 1141 2631 Septem

242 2684 329 2748 illam
366 2687 473 2769 micis,
519 2689 604 2756 hanc
647 2695 801 2759 refovens
919 2648 1055 2713 mundas
1078 2655 1260 2735 septimuli
1281 2660 1403 2744 spffitu'

540 2796 665 2877 poculis
918 2784 970 2849 lix
993 2792 1126 2854 mortuis

241 2896 278 2960 lu
303 2898 397 2963 domo
918 2894 952 2950 te
974 2901 1161 2972 surgentem

241 2996 381 3063 Simonis
405 3001 529 3084 leprosi
918 2988 977 3054 das
993 2995 1115 3058 cunctis
1131 2995 1245 3063 uidere
1259 3001 1406 3083 priorem.
1425 3000 1456 3063 ot

240 3100 398 3163 conviviis
422 3107 584 3168 accubans
757 3110 799 3174 20
1091 3181 1097 3196 ,

239 3202 367 3283 typicis.
851 3176 881 3238 8.
911 3174 995 3258 Hac,
1020 3178 1163 3266 Christe,
1186 3188 1388 3273 proselytam

239 3336 418 3402 Murmur„
915 3280 1026 3361 signas
1049 3286 1241 3367 ecclesiam,

239 3439 435 3524 pharisaeus,
459 3446 515 3509 ubi
915 3414 1017 3492 Quam
1039 3418 1082 3481 ad
1104 3419 1244 3486 filiorum
1267 3445 1404 3491 mensam

237 3543 345 3625 plorat
369 3545 486 3612 semina
509 3549 648 3614 criminis
913 3537 1014 3583 νοω
1038 3523 1270 3610 ³¹¹⁰¹¹160¹¹²¹¹¹2

236 3648 376 3712 conscia.
753 3660 794 3722 25
912 3655 1014 3734 ouum
1036 3660 1121 3725 inter
1144 3664 1296 3731 convivia
1423 3666 1455 3731 60

585 3817 591 3830 ,
910 3759 995 3842 legis
1017 3771 1051 3827 et
1073 3766 1191 3845 gratise

170 3810 200 3873 4.
232 3807 393 3874 Peccator
433 3824 607 3881 contemnrt
644 3837 793 3905 compec-

544 3929 684 4004 cantem,
910 3896 1044 3982 Spernit
1066 3904 1220 3985 pherisaei
1243 3909 1363 3989 fastus,

233 4018 361 4097 peccati
383 4020 510 4084 nescius
534 4024 742 4104 poenitentem
908 4000 1002 4086 lepra
1023 4016 1124 4071 Vexat
1146 4009 1313 4077 haerotica·

234 4120 386 4203 exaudis,
410 4125 583 4207 emundas,

231 4221 350 4285 loedam
375 4225 526 4310 adamas,

231 4331 267 4385 ut
289 4325 456 4407 pulchram
479 4330 590 4395 sacius.
747 4339 789 4400 30

842 4191 873 4254 9.
902 4190 1012 4267 Qualis
1035 4194 1092 4277 sit,
1114 4203 1149 4260 tu
1172 4198 1252 4280 scis,

906 4293 1011 4374 tangit
1034 4303 1066 4358 te
1089 4298 1163 4378 quia
1187 4303 1372 4387 peccatrix,
1419 4299 1452 4363 tt

905 4396 980 4476 quia
1002 4398 1108 4462 veniae
1131 4404 1284 4481 optatrix.

230 4457 337 4523 Pedes
361 4463 564 4544 amplectitur
586 4466 773 4556 dominicos,

230 4559 242 4620 l
302 4561 351 4575 ..
593 4571 599 4583 .
672 4573 712 4587 ..
905 4531 1063 4607 Quidnam
1086 4535 1223 4601 haberet

243 4578 370 4623 acrrmrs
388 4563 492 4646 lavat,
516 4577 616 4650 tergit
633 4577 785 4657 crrnrbus,
903 4652 1004 4717 aegm'
1028 4638 1056 4701 s,
1078 4657 1143 4702 non
1167 4643 1362 4726 &coepissem

228 4660 393 4846 {3¹:¹53ss
409 4670 567 4854 ῒὲξὶῗᾱᾶ
906 4737 933 4799 si
955 4757 1020 4803 non
1042 4743 1185 4808 medicus
1209 4746 1368 4811 adesset?

228 4871 348 4933 osculis
371 4874 493 4940 circuit.
520 4914 529 4925 -
744 4887 785 4949 35
905 4874 978 4940 Rex
999 4898 1113 4960 regum
1136 4880 1228 4945 (ΗΜ
1416 4882 1450 4945 ⁷⁰

904 4977 938 5040 in
960 4996 1087 5062 omnes,
1110 4999 1170 5045 nos
1192 4984 1303 5066 salva,

162 5056 192 5118 5.
224 5055 305 5122 llaec
328 5071 401 5126 sunt
424 5067 590 5148 convivia,
903 5092 1112 5164 peccatorum
1136 5093 1271 5168 tergens

227 5178 299 5240 quse
318 5166 380 5229 tibi
401 5169 547 5252 placent,
571 5191 590 5236 o
904 5192 1020 5246 cuncta
1042 5186 1194 5268 crimina,

225 5266 327 5344 patris
351 5272 526 5355 sapientia,
903 5295 1087 5351 sauctorum
1109 5308 1187 5374 spes
1210 5298 1243 5355 et
1266 5291 1379 5376 gloria.
