3250 6517
169 909 235 975 m

168 1095 262 1163 Unde
286 1095 329 1159 ad
352 1103 385 1160 te
407 1093 559 1176 confugio
846 1092 939 1170 cnon
961 1100 997 1159 nt
1018 1101 1095 1158 tuno
1117 1093 1225 1177 possit
1245 1092 1332 1176 heri,
1381 1154 1386 1164 ,

169 1206 202 1264 et
224 1207 360 1283 propter
380 1197 469 1260 illum
496 1199 653 1276 obsecro,
846 1215 930 1260 nnnc
952 1214 1049 1260 aures
1071 1194 1167 1280 pulsa
1188 1195 1323 1276 domini,

169 1303 224 1385 qui
246 1310 279 1367 te
302 1299 443 1365 salvavit
466 1297 611 1378 dubium,
753 1299 792 1358 15
845 1305 880 1360 nt
903 1295 1093 1378 quadratam
1114 1296 1289 1361 virtutibus

169 1404 245 1470 dum
265 1406 333 1469 fers
355 1405 388 1466 in
411 1403 495 1466 latus
517 1400 661 1482 digitum,
846 1401 911 1464 labi
934 1418 998 1464 non
1021 1401 1106 1464 sinat
1128 1399 1284 1484 amplius,

845 1561 889 1626 Et
910 1562 952 1625 ad
976 1562 1089 1644 culpas
1111 1561 1305 1627 immobilem

846 1663 927 1745 figat
949 1669 983 1726 et
1005 1663 1098 1727 bouis
1120 1663 1288 1738 stabilem,

847 1764 933 1848 qnod
956 1765 1107 1848 dignetur
1129 1764 1329 1848 concedere,

847 1869 901 1949 qni
924 1869 1030 1932 erexit
1051 1869 1084 1931 in
1107 1868 1236 1950 virgine

169 1613 213 1680 Ut
235 1616 294 1678 sim
316 1615 358 1678 de
381 1631 445 1677 non
468 1612 651 1677 videntibus

171 1726 204 1781 ot
225 1719 322 1782 heato
347 1716 563 1781 credentibus,

170 1821 348 1885 architecte
371 1820 543 1902 mirabilis,

171 1921 212 1986 de
236 1923 319 1986 vivis
343 1920 488 1986 aediliciis
753 1923 794 1984 20

846 2032 938 2096 Illam
960 2031 1089 2096 domum
1108 2031 1294 2116 mirificam,

170 2132 308 2198 Sumens
327 2135 359 2197 in
383 2144 473 2198 terra
495 2134 648 2216 pretinm,
847 2153 941 2214 quarn
964 2134 1113 2197 transivit
1135 2151 1201 2198 non
1222 2136 1367 2217 perviam

171 2238 414 2321 servanscoelo
437 2236 605 2318 palatium,
847 2244 880 2298 et
901 2235 957 2298 illo
980 2251 1065 2297 novo
1084 2236 1221 2299 transitu

171 2356 257 2421 pone
279 2338 378 2402 muris
401 2338 583 2402 Jerusalem
846 2354 906 2399 nos
927 2337 1026 2399 traxit
1048 2339 1089 2400 ab
1112 2337 1243 2403 interitu

171 2461 222 2506 me
245 2443 299 2506 vel
322 2450 500 2506 extremum
522 2441 673 2525 lapidem.
847 2446 998 2520 suscepto
1021 2439 1129 2502 carnis
1153 2437 1274 2504 habitu.

260 2622 464 2693 Strassburger
482 2620 530 2676 lls.
548 2620 578 2674 Ε.
598 2621 657 2673 135.
675 2618 716 2673 Bl
736 2620 777 2672 50.
798 2621 832 2672 ll
844 2619 944 2674 Jahrb.

260 2748 277 2797 ‘l
295 2745 430 2815 quamtis,
448 2744 495 2799 lls.
514 2740 560 2797 hir
578 2758 634 2798 non
651 2744 731 2797 wire
750 2742 848 2795 hesser
866 2758 909 2808 ne,
927 2743 997 2797 aber
1015 2743 1097 2798 6-8
1115 2743 1179 2799 sind
1197 2743 1284 2799 demit
1300 2744 1369 2801 doch
1387 2762 1396 2799 ι

173 2846 245 2901 ganz
264 2833 439 2905 hergestellt.
476 2834 493 2888 8
512 2834 589 2900 duce,
608 2832 655 2886 lls.

257 2954 290 3009 V.
311 2958 333 3010 1.
353 2955 466 3011 ahnlioh
484 2956 574 3010 heisst
591 2970 622 3009 er
640 2954 667 3008 in
686 2953 740 3008 den
757 2953 874 3008 Menam
893 2952 995 3025 Θωμᾶς
1013 2951 1029 3008 ὁ
1049 2953 1220 3026 θαυμάσιος.
1246 2957 1348 3016 ceto

261 3039 295 3092 V.
314 3044 339 3094 2.
358 3045 431 3116 χειρὶ
449 3040 653 3116 φιλοπράγμονι
672 3043 754 3095 θείαν
772 3039 891 3114 πλευρὰν
909 3039 1093 3115 &condensam
1120 3042 1182 3100 oct
1201 3045 1227 3098 6.

261 3126 293 3181 V.
316 3129 356 3180 tt.
373 3125 405 3200 τῇ
424 3127 506 3199 niori
525 3124 638 3197 ἀπιστίᾳ
658 3147 710 3181 σου
729 3124 792 3188 τοὺς
810 3125 926 3189 πιστοὺς
943 3128 1117 3201 §deliciosos
1141 3129 1203 3187 oet
1221 3132 1247 3186 d.

522 3448 607 3522 715.
646 3450 702 3521 lle
724 3476 752 3520 s.
779 3449 919 3523 Thomu
946 3451 1116 3551 apostolo.

172 3672 198 3738 0
222 3671 361 3754 Thomu,
385 3671 532 3754 didyme,
843 3691 995 3737 succurre
1019 3673 1113 3738 nobis
1135 3674 1279 3758 miseris,

172 3795 234 3859 per
277 3773 461 3856 Christum,
512 3795 606 3856 quem
650 3775 790 3838 meruisti
842 3795 884 3839 ne
908 3774 1096 3841 damnemur
1118 3796 1190 3842 cum
1212 3778 1318 3864 impiis

533 3884 687 3959 tangere,
843 3879 875 3941 in
898 3878 1040 3944 adventu
1058 3879 1189 3964 judicis.

171 3986 204 4044 to
226 3979 378 4064 precibus
402 3998 555 4062 rogamus
579 3980 740 4060 altisonis,

262 4146 454 4203 Reioheuauer
472 4148 518 4202 lis.
538 4149 589 4203 lto.
607 4149 649 4202 60.
668 4146 709 4201 ΒΙ.
728 4149 753 4199 ἵ.
772 4146 822 4200 des
841 4148 874 4199 15
891 4147 989 4202 lahrh.
1007 4150 1058 4204 mit
1076 4150 1128 4206 der
1147 4151 1278 4208 llelodie.

529 4445 614 4518 716.
654 4446 712 4516 De
738 4471 766 4517 s.
790 4446 929 4520 Thomu
958 4449 1129 4547 apostolo.

169 4658 271 4727 Salve
292 4661 415 4728 Thomu
437 4665 599 4747 gloriose,
842 4678 947 4733 tenum
970 4671 1075 4752 plebis
1098 4671 1245 4755 copiosae

167 4767 292 4849 palmes
314 4769 388 4832 vitis
410 4770 628 4851 fructuosae,n
887 4773 1013 4836 mittens
1036 4774 1078 4838 ad
1101 4776 1257 4841 coelestia

167 4877 200 4933 te
224 4869 357 4934 doctore
379 4873 523 4936 virtuose

211 4973 370 5054 gloriatur
391 4974 491 5041 India·
843 4962 904 5039 Qui
926 4962 972 5027 Sic
996 4981 1031 5027 θΒ
1054 4965 1307 5046 pl'aedeflfimtm

842 5074 875 5129 et
898 5084 918 5129 a
937 5065 1065 5130 Christo
1089 5070 1267 5153 vocitatus,

168 5158 269 5236 Quam
292 5161 450 5227 horrebas
472 5164 612 5246 seriose,
770 5169 788 5229 5
842 5175 970 5231 nostros
994 5168 1079 5232 dilue
1105 5178 1215 5236 reatus

166 5259 251 5327 hanc
273 5264 437 5329 convertis
460 5267 618 5348 gratiose,
884 5268 1013 5350 pietatis
1036 5271 1152 5350 gratia
