3250 6517
166 1127 229 1209 Qui
250 1125 432 1211 inplumens
453 1122 518 1186 lreu
540 1118 706 1204 deplumat
842 1117 962 1186 Vernis
984 1119 1118 1185 lleribus
1140 1119 1271 1184 ornaris

164 1239 263 1315 atque
285 1229 408 1296 rabiem
430 1225 600 1309 despumat
842 1230 877 1287 et
896 1239 968 1287 cum
986 1220 1120 1306 paribus
1136 1220 1262 1285 ltetaris

208 1329 422 1418 opprimendo
445 1327 584 1410 debiles,
884 1324 919 1389 in
941 1330 1066 1391 aeterna
1087 1324 1212 1408 gloria,

165 1433 258 1519 cnjus
280 1429 457 1516 gandieses
480 1435 593 1495 cantus
749 1427 792 1490 tc
843 1427 1053 1512 praemunitus
1074 1426 1302 1508 sacramentis,

166 1535 282 1603 aeterni
305 1539 484 1619 sequuntur
501 1531 652 1616 plauctus
843 1538 910 1595 tuae
932 1529 1039 1595 earnis
1061 1536 1160 1612 atque
1181 1529 1299 1594 mentis

211 1649 342 1707 atroces
363 1646 396 1705 et
417 1637 553 1705 debiles.
887 1633 973 1698 omni
994 1631 1064 1699 leta
1085 1631 1203 1698 scoria

167 1847 237 1916 Sed
259 1848 431 1935 prudentia
453 1866 596 1933 superna
844 1845 908 1932 Eja
930 1855 1025 1932 pater
1046 1854 1082 1912 et
1102 1855 1260 1932 patrone,

168 1951 382 2036 praevidebat,
404 1959 441 2017 nt
461 1950 595 2017 lucerna
844 1965 905 2015 nes
927 1949 1074 2016 satanice
1091 1966 1248 2017 mucrone

213 2061 345 2118 exteras
368 2053 401 2116 in
423 2051 551 2136 patulo,
751 2052 792 2114 'ii
888 2049 1036 2116 confixos
1058 2050 1235 2117 crudeliter

168 2154 202 2219 in
224 2169 376 2238 supreme
397 2150 605 2236 praumatus,
844 2153 1040 2236 gemebundi
1061 2154 1280 2236 clamitamus,

167 2272 305 2338 gregem
327 2251 400 2336 ejus
421 2251 610 2319 sublimatus
844 2255 981 2338 impetra
1003 2254 1077 2337 hec,
1099 2253 1187 2338 qued
1208 2273 1385 2339 speramus²

210 2373 347 2439 regeres
368 2372 440 2420 cum
462 2353 588 2421 baculo.
888 2364 1019 2420 orantes
1041 2354 1191 2423 fideliter.

167 2573 294 2640 Praves
316 2572 443 2638 stimulo
465 2570 657 2658 pungendo,
845 2570 907 2636 Dei
929 2570 1068 2655 gratiam
1091 2570 1220 2655 adepti,

168 2693 253 2743 unce
276 2678 380 2741 bones
402 2674 614 2756 attrahendo,
749 2672 792 2738 80
846 2675 952 2759 poenis
974 2674 1117 2740 trucibus
1139 2675 1248 2760 erepti

214 2775 301 2861 qnod
324 2785 375 2842 stt
396 2774 441 2862 pii
462 2775 630 2863 praesidis3
889 2777 1056 2842 infernalia
1078 2778 1188 2861 iuriae,

167 2880 255 2964 qnod
277 2881 415 2947 ubertim
435 2879 603 2966 perfecisti
847 2883 880 2946 in
903 2889 1080 2966 conspeetu
1102 2882 1232 2947 deitatis

169 2992 206 3049 nt
226 2982 332 3049 fidelis
351 3002 466 3050 servus
488 2983 623 3066 Christi,
847 2993 1082 3070 presentemur
1103 3005 1176 3051 cum
1197 2987 1305 3052 beatis

213 3105 344 3170 poenam
364 3087 472 3151 vitans
493 3086 623 3153 desidis.
890 3088 964 3153 coeli
986 3088 1046 3153 teti
1068 3088 1177 3153 curiae.

170 3300 264 3367 Veee
287 3301 395 3368 cerdis
417 3320 565 3369 necnon
587 3305 653 3369 eris
752 3307 794 3373 85
848 3300 911 3368 Ubi
933 3302 1088 3367 caelorum
1109 3303 1257 3387 reginam

172 3403 269 3471 deun
291 3422 368 3469 eras
389 3405 502 3491 paucis
525 3406 615 3473 horis
848 3415 882 3470 et
903 3405 1075 3470 essentiam
1098 3404 1238 3470 divinam

215 3525 331 3590 aquam
353 3507 460 3572 vivam
482 3508 610 3592 sitiens,
891 3504 1053 3573 mirantes
1065 3507 1262 3589 videbimus,

172 3616 206 3674 te
228 3607 452 3691 cunctipotens
474 3610 612 3695 audivit,
848 3618 881 3675 et
903 3610 963 3692 his,
987 3610 1042 3692 qui
1062 3626 1124 3692 pre
1147 3609 1251 3692 culpis
1274 3626 1385 3691 gemm

171 3708 247 3775 iens
269 3717 399 3776 eterra
421 3714 589 3779 scaturivit
847 3733 929 3798 quos
953 3714 1048 3800 hujus
1070 3714 1179 3780 mundi
1206 3713 1292 3779 mula
1314 3731 1385 3798 pret

215 3812 361 3896 plurimis
383 3812 555 3881 sullieians.
752 3820 795 3885 90
890 3817 957 3883 laeti
979 3816 1231 3899 conridebimns,

169 4024 297 4095 Bonum
316 4029 350 4094 in
371 4030 468 4097 terrie
491 4032 618 4115 scvisti,
779 4104 783 4111 .
847 4033 965 4100 Grates
987 4033 1050 4099 dee
1064 4034 1254 4100 'referentes

168 4129 257 4213 quod
278 4132 313 4199 in
334 4135 427 4201 coelis
448 4137 611 4203 messuisti
846 4147 983 4223 propter
1004 4139 1128 4221 gratias
1149 4137 1300 4221 ingentes

212 4233 369 4302 fructibus
389 4240 573 4322 uberrimis3
888 4240 993 4305 factas
1014 4238 1279 4322 magnanimiter;

167 4337 362 4419 praescivisti
383 4340 462 4405 vitae
483 4349 617 4424 mamm,
845 4342 902 4408 det
923 4342 987 4408 hoc
1008 4342 1102 4409 nobis
1124 4341 1243 4407 almum
1265 4340 1382 4407 damen

165 4436 269 4503 intras
291 4438 344 4505 dei
366 4442 473 4508 aulum
494 4443 618 4527 laetam,
750 4448 792 4513 95
845 4445 946 4512 eorda
967 4453 1039 4511 tete
1059 4443 1188 4523 dicant,
1210 4459 1319 4523 aneu,

211 4539 268 4603 ubi
287 4559 373 4606 nunc
393 4542 619 4626 pulcherrimis
887 4566 999 4613 omnes
1020 4544 1220 4611 unanimiter.

256 4756 306 4814 lis.
324 4774 360 4815 ru
375 4759 512 4819 llinelren
530 4763 599 4822 Cim.
617 4767 714 4824 tatas.
732 4767 784 4826 des
803 4771 837 4823 ts
854 4768 952 4825 Jahrlr.

258 4896 486 4971 semiantrum,
504 4900 552 4959 lis.
595 4906 632 4961 et
648 4903 796 4979 proficies,
814 4909 862 4965 ils.
911 4911 947 4963 te
972 4907 1071 4962 delens
1089 4907 1169 4961 wire
1187 4904 1251 4960 hier
1268 4905 1325 4962 und
1342 4906 1385 4960 eet

170 4981 276 5039 besser.
321 4986 356 5040 td
384 4987 531 5059 exultans,
558 4992 607 5047 lla.
635 4992 734 5049 benet
758 4994 850 5051 bleibt
871 4997 920 5050 sed
941 5009 1008 5066 weg
1030 4994 1086 5048 nnd
1109 4992 1184 5048 wird
1206 4995 1331 5048 muudi
1353 5009 1385 5065 ge

166 5070 204 5128 98
221 5072 261 5126 ibi
277 5070 297 5128 f.
315 5080 352 5144 et,
369 5077 418 5132 lla.
469 5080 603 5138 tte-ao
620 5082 684 5139 sind
701 5083 863 5141 cndsutlielr
881 5085 936 5139 und
956 5086 1009 5139 119
1027 5082 1205 5151 vendentes,
1221 5080 1371 5140 viellcicht

162 5171 199 5219 er
213 5159 323 5217 laumn:
342 5169 371 5221 et
388 5181 460 5237 ques
475 5169 578 5242 mnudi,
596 5171 697 5228 wemit
713 5171 784 5228 aber
802 5171 853 5227 der
871 5172 941 5228 Siuu
959 5172 1037 5227 nieht
1053 5171 1153 5227 besssr
1170 5170 1254 5227 vird

255 5305 288 5364 V.
305 5309 419 5411 ito-iz
444 5329 493 5376 cer
505 5315 599 5389 blnttu
619 5316 664 5376 tin
677 5314 841 5391 Wcrtspiel
856 5335 907 5374 nur
920 5318 1082 5392 Brlrliirung
1100 5319 1151 5375 des
1168 5317 1292 5376 Namara
1306 5315 1385 5377 cert
