3250 6517
151 1137 266 1195 saneta
288 1132 461 1215 passione,

151 1236 332 1319 reoatione,

151 1337 247 1402 iditur
270 1338 411 1403 eoetitus:

1224 944 1289 1009 m

667 1148 705 1194 os
728 1131 925 1212 consessum,
948 1148 1007 1195 eor
1028 1147 1092 1196 non
1114 1131 1249 1214 lentum,

666 1235 759 1318 panis
781 1235 848 1300 vivi
872 1243 1122 1316 sacramentum,

709 1339 879 1423 posthaec
902 1339 987 1405 dabo
1009 1334 1176 1421 gloriam.“

153 1443 209 1524 qui
232 1441 408 1506 devotione
571 1440 613 1503 40

151 1543 246 1608 audet
268 1561 329 1627 pro
353 1560 473 1624 agone,

151 1665 192 1711 on
215 1646 257 1710 sit
279 1646 483 1729 proselytus,

666 1542 734 1607 Hos
756 1544 879 1607 tirones
901 1563 1094 1608 veneremur

664 1655 890 1729 martyresque
913 1646 1141 1732 deprecemur,
1246 1645 1288 1710 50

709 1757 744 1813 ut
766 1749 879 1813 horum
902 1747 1056 1813 memorit

664 1850 768 1914 Jbesu
791 1848 921 1914 Christo
944 1848 1136 1932 adjuvemur

665 1961 699 2016 et
720 1972 792 2018 oum
815 1955 935 2018 sanctis
957 1970 1149 2019 coronemur

573 2057 614 2118 45
710 2055 743 2117 in
767 2054 891 2119 ooelesti
914 2055 1028 2136 gloria.

151 1875 180 1917 m
203 1861 438 1934 nocumentum,

151 1957 260 2038 ileum,
283 1957 490 2036 trumentum,

151 2061 191 2123 tis
213 2060 400 2141 victoriam,

151 2277 177 2316 iu
194 2259 357 2315 Darmstadt
375 2259 426 2315 No.
445 2261 505 2313 545.
522 2258 573 2313 mit
590 2257 641 2313 der
659 2257 788 2328 Melodie,
809 2261 843 2312 rt
860 2258 959 2314 Jahrb.

158 2398 228 2456 tien
246 2399 294 2454 ils.
330 2401 395 2454 tet
412 2399 453 2455 un
473 2401 520 2454 tls.
557 2401 590 2452 tl
609 2397 742 2471 gaudent,
759 2397 808 2452 ils.
842 2399 877 2452 tt
895 2403 934 2467 at,
952 2397 1000 2452 ils.

151 2541 172 2592 b.
193 2540 233 2591 rt.
261 2536 341 2605 fides,
360 2554 434 2607 spes,
453 2539 566 2592 caritas.
595 2537 624 2592 S.
644 2537 697 2591 No.
718 2538 778 2603 159,
798 2539 840 2590 17.
870 2536 922 2592 No.
942 2538 1003 2605 682,
1021 2540 1064 2590 57.

151 2630 170 2679 Ι.
195 2631 286 2682 morte
305 2625 428 2682 cbristo.
465 2625 543 2681 Satis
562 2625 667 2693 elueet,
699 2625 837 2696 mysterio
861 2624 1008 2680 dominicae
1031 2625 1131 2681 mortis
1150 2630 1179 2680 ot
1196 2640 1290 2680 resur·

151 2709 293 2784 iguratum
311 2712 379 2766 vite
396 2717 503 2766 nostra
521 2712 627 2766 veteris
645 2727 776 2768 occasum
793 2718 823 2767 et
841 2716 968 2767 exortum
987 2727 1082 2779 novae,
1114 2711 1291 2767 demonstra·

152 2799 281 2870 iquitatis
305 2798 488 2854 abolitionem
512 2799 778 2868 renovationemque
797 2798 928 2870 justitioe.
960 2800 1091 2868 Aoyuotbe
1114 2798 1149 2852 de
1173 2798 1242 2868 spir.
1260 2804 1291 2854 et

224 3239 308 3311 739.
345 3236 540 3335 Sequentia
567 3237 611 3309 de
637 3237 848 3338 martyribus
876 3238 1052 3311 Thebaeis.

151 3527 165 3573 o
188 3528 249 3593 per
270 3528 388 3592 gyrum

151 3613 248 3677 unalis

152 3736 204 3780 um
227 3724 405 3800 martyrum

151 3819 260 3884 totalis.

151 4005 260 4070 nodum
283 4007 429 4071 nimirum

150 4108 221 4173 iulis

163 4212 268 4277 taetus
291 4221 343 4277 est

151 4318 256 4382 unalis.

151 4525 156 4562 i
179 4522 321 4587 vespera

151 4626 169 4669 n
191 4606 338 4690 sepultus
345 4655 353 4689 ,

151 4729 169 4772 n
193 4709 243 4771 sol
264 4728 326 4792 per
348 4714 425 4773 aera

151 4812 169 4874 u·
191 4810 300 4875 vultus

152 5001 329 5089 serenitas,

174 5103 288 5188 tultus,

151 5226 167 5271 s
191 5214 265 5271 sunt
279 5207 435 5291 juvenes,

166 5309 304 5376 adultus.

665 3509 701 3574 lu
725 3510 786 3574 bae
807 3529 845 3574 se
868 3510 1038 3576 Mauritius

665 3632 807 3677 maurum
832 3612 1003 3696 diffitetur,

664 3715 697 3778 in
720 3716 783 3780 hae
805 3716 899 3798 niger
917 3714 1081 3782 Candidus

665 3818 823 3884 candidus
845 3821 991 3885 habetur.
1245 3823 1289 3887 20

664 4007 727 4075 Ubi
749 4007 949 4091 Exsuperius

664 4131 835 4192 numquam
858 4119 1046 4194 superetur,

665 4222 698 4278 et
725 4214 830 4278 victus
853 4215 1029 4279 victoribus

664 4315 779 4380 Victor
801 4317 952 4382 societur.

665 4503 727 4568 Ubi
749 4506 934 4569 innocentia

665 4609 764 4671 vitam
787 4607 844 4672 dat
861 4607 977 4692 Vitali,

664 4713 766 4775 beans
788 4708 1009 4776 Innocentium

664 4814 799 4897 praemio
822 4814 926 4896 vitali,

665 5000 735 5079 Quo
757 5009 872 5066 neuter
889 5001 961 5085 jam
983 5003 1117 5068 moritur
1288 5066 1290 5070 ,

665 5113 751 5170 tutus
776 5125 795 5168 a
818 5106 925 5189 vitali,
1246 5104 1289 5168 30

571 5211 611 5272 15
664 5218 800 5293 uterque
823 5215 883 5277 sub
906 5213 965 5276 alis
988 5230 1024 5276 se

665 5317 719 5381 dei
741 5316 833 5382 novit
855 5317 908 5381 ali.
