3250 6517
212 922 279 988 a
556 915 559 920 ·
1528 828 1542 1061 l

213 1108 251 1176 ln
273 1106 402 1172 Basilea
424 1107 561 1172 navibus
638 1146 643 1151 -
706 1149 728 1158 ,.
889 1100 1060 1184 multisque
1082 1093 1188 1185 poenis
1209 1099 1282 1164 aliis
1455 1099 1483 1159 15

214 1213 338 1278 relictis
359 1211 494 1277 Romam
517 1209 652 1291 adeunt,
796 1208 837 1272 10
888 1225 993 1290 regna
1013 1212 1198 1271 cremantur
1219 1204 1344 1269 coelica
1535 1194 1543 1339 Ι

213 1314 293 1379 fusis
316 1313 359 1380 ad
381 1322 513 1381 sanctos
533 1313 688 1399 precihus
712 1394 715 1400 A

215 1412 382 1480 Coloniam
403 1423 480 1499 post
501 1413 657 1495 redeunt,
890 1390 1037 1456 multati
1060 1390 1102 1508 ⁸⁵}
1123 1389 1251 1507 3¹⁰¹if,
1539 1408 1542 1501 1

889 1511 951 1577 pro
974 1501 1112 1558 sacratis
1133 1494 1330 1575 virgrmbus,

214 1598 278 1667 Ubi
299 1600 374 1665 telis
397 1607 430 1665 et
451 1599 568 1684 gladiis
732 1603 733 1606 ’
890 1616 964 1679 quae
986 1615 1047 1662 uos
1069 1595 1113 1662 ad
1135 1596 1210 1662 coeli
1227 1596 1352 1680 gaudia

214 1705 274 1770 sub
297 1704 388 1769 rabie
411 1705 584 1771 barbarica
890 1703 956 1768 suis
977 1703 1158 1787 perducant
1178 1704 1345 1790 precibus.
1465 1705 1497 1768 11

300 1887 348 1944 na
367 1888 418 1943 der
436 1887 678 1945 Stadthibliothelr
695 1905 732 1944 su
750 1887 909 1959 Nrirnherg,
928 1890 963 1940 15
980 1887 1079 1944 Jahrb
1097 1889 1149 1944 mit
1169 1888 1220 1945 der
1239 1888 1372 1948 llelcdie.

303 2012 338 2064 15
356 2010 457 2083 multis,
475 2008 523 2066 lis.

441 2326 550 2401 1192.
589 2326 647 2400 De
674 2325 804 2399 eadem.
839 2326 884 2410 ad
911 2328 1106 2400 matutinas
1132 2325 1294 2426 hymnus

212 2563 318 2629 Nocte
341 2572 513 2647 surgentes
534 2563 696 2647 virginum
892 2563 1034 2629 Tandem
1057 2563 1177 2647 fugatis
1199 2563 1351 2633 hostibus

213 2664 328 2732 laudes
352 2684 505 2732 canamus
528 2664 684 2749 dulciter,
891 2666 1001 2731 divino
1019 2666 1180 2732 beneficio
1471 2673 1503 2736 lo

214 2777 250 2835 ut
270 2787 331 2834 nos
353 2790 374 2834 a
397 2771 491 2853 lapsu
514 2770 679 2835 criminum
891 2768 1030 2852 sepultae
1052 2777 1128 2834 sunt
1152 2790 1173 2835 a
1196 2771 1324 2838 civibus

215 2870 399 2936 custodiant
420 2862 633 2956 perenniter(
890 2873 982 2938 urbis
1004 2890 1124 2954 magno
1147 2891 1219 2937 cum
1241 2875 1376 2957 gaudio.

218 3060 297 3139 Qum
319 3061 449 3126 monitae
471 3082 532 3145 per
553 3063 709 3126 somnium
820 3064 840 3127 5
893 3060 920 3126 0
943 3062 1041 3126 beata
1063 3060 1218 3144 Colonia,

216 3162 385 3229 Coloniam
407 3165 620 3248 perveniunt,
893 3163 1048 3247 persolve
1070 3162 1133 3229 deo
1156 3166 1299 3250 gratius,

215 3267 248 3331 in
271 3285 335 3348 qua
357 3265 462 3331 dirum
484 3268 676 3351 supplicium
894 3268 949 3351 qui
972 3274 1027 3332 tua
1048 3267 1156 3332 salvat
1177 3271 1298 3336 moenia
1471 3271 1503 3333 15

215 3387 236 3431 a
257 3367 407 3433 barbaris
431 3367 605 3451 excipiunt.
892 3391 953 3456 per
975 3372 1136 3454 virginum
1157 3374 1323 3456 reliquias.

302 3549 434 3606 Dieselbe
451 3550 499 3607 ils
517 3550 568 3606 mit
585 3550 636 3606 der
652 3551 782 3607 hielodie.

452 3867 561 3944 1193.
603 3870 660 3942 De
687 3867 820 3942 eadem.
850 3873 888 3941 in
913 3871 1086 3945 laudibus.
1120 3872 1281 3974 hymnus.

214 4088 374 4172 llymnum
398 4090 519 4155 sanctis
540 4090 721 4174 virginibus
893 4093 973 4171 Quae
994 4111 1074 4177 vox,
1103 4114 1176 4177 quaa
1197 4096 1311 4180 lingua
1333 4096 1451 4181 poterit

215 4200 381 4259 cantemus
405 4215 476 4261 cum
499 4197 657 4283 tripudio,
892 4195 1006 4260 harum
1027 4194 1141 4260 laudes
1165 4204 1340 4282 retexere,
1468 4197 1502 4262 tt

215 4316 288 4381 quae
311 4301 371 4365 suh
393 4299 530 4367 undenis
553 4303 691 4369 millibus
892 4303 964 4364 cum
985 4299 1065 4381 ipsis
1087 4300 1170 4363 mori
1190 4301 1289 4366 tuerit

214 4408 354 4482 regnant
376 4419 447 4465 cum
470 4400 523 4466 dei
545 4402 622 4467 filio.
891 4400 1014 4464 lucrum
1038 4398 1249 4483 Christusque
1271 4402 1418 4468 vivere?

214 4583 296 4650 llaec
319 4584 389 4650 dies
412 4597 462 4653 est
484 4590 606 4655 latitia
618 4638 627 4673 ,
819 4594 839 4654 5
893 4588 1067 4655 Precemur
1089 4609 1161 4656 cum
1182 4590 1339 4659 instantia

215 4706 311 4770 quam
332 4688 449 4754 recolit
471 4689 623 4774 Colonia,
893 4691 1001 4756 cordis
1023 4690 1118 4755 deum
1140 4692 1353 4778 suppliciter,

215 4789 308 4874 cujus
331 4792 517 4874 congaudet
539 4792 637 4858 hodie
892 4801 928 4858 ut
950 4793 992 4857 ad
1014 4793 1127 4860 harum
1153 4797 1319 4862 consortia
1472 4797 1504 4859 15

215 4900 284 4958 tota
308 4895 450 4960 coelestis
473 4897 571 4962 curia.
677 4878 683 4889 ’
891 4896 1113 4978 pertingamus
1135 4897 1283 4961 feliciter.

304 5080 435 5138 Dieselhe
453 5085 501 5139 lle.
521 5085 571 5140 mit
589 5083 640 5139 der
658 5082 787 5139 llelodie.

305 5202 388 5256 Diese
407 5206 424 5257 3
443 5204 543 5260 Lieder
560 5207 614 5261 No.
636 5204 777 5260 1191-93
796 5203 950 5259 verrathen
969 5203 1057 5258 durch
1075 5203 1136 5258 ihre
1154 5201 1377 5278 gbichmsuiga
1394 5202 1508 5263 msa*

216 5287 302 5360 luug,
335 5289 400 5344 dass
420 5291 460 5346 sie
479 5288 527 5346 fiir
546 5293 598 5347 den
616 5291 808 5350 Gottesdienst
834 5291 912 5362 einer
929 5289 1104 5346 bestimmten
1122 5289 1226 5346 Kirche
1243 5295 1381 5364 gemat
1397 5291 1509 5350 um
