3250 6517
163 931 206 995 ts

165 1119 194 1181 2.
217 1114 260 1180 llt
281 1116 313 1178 in
337 1123 368 1177 te
392 1114 530 1178 omnium

217 1215 372 1283 fortitudo
394 1216 600 1299 sperantium.

218 1356 279 1433 Qui
301 1355 437 1438 primum
459 1352 619 1416 hominem

220 1467 306 1549 tuam
329 1456 371 1521 ad
394 1457 565 1538 imaginem

217 1593 396 1672 Formusti,
421 1593 451 1654 ei

219 1696 300 1761 dans
323 1693 434 1758 sedem
455 1694 622 1778 pulchram

217 1800 376 1885 paradisi,
477 1814 482 1826 ·

220 1937 320 2014 Quam
339 1956 399 2021 per
418 1937 578 2020 serpentis

219 2042 340 2123 antiqui
363 2039 508 2103 fraudem

220 2143 416 2229 perdiderat.

172 2312 202 2374 3.
225 2307 295 2372 Hac
318 2306 412 2389 culpa
435 2303 516 2369 llvae

221 2412 368 2495 privatus
392 2409 469 2473 sede

220 2514 370 2576 miseram
393 2513 489 2574 miser
512 2509 600 2572 venit

219 2618 252 2680 in
274 2617 358 2680 bauo
378 2624 496 2678 terram
507 2660 515 2693 ,

221 2750 278 2818 Sic
300 2753 444 2836 paradisi

220 2856 405 2920 amoenitate

158 2963 162 2969 '
219 2957 322 3020 hostis
344 2976 416 3020 enm
440 2958 589 3039 antiquus

222 3060 374 3124 destituit.

168 3224 199 3285 4.
223 3219 344 3285 Circuit
365 3219 492 3283 invidus

222 3332 256 3387 et
277 3322 392 3402 adhuc,
416 3342 510 3404 quem
533 3322 691 3406 devoret,

222 3445 369 3509 quaerere
394 3425 533 3489 anhelat.

221 3563 344 3629 Contra
366 3565 450 3630 huno
475 3565 620 3631 dominus

225 3667 406 3749 agonistam
429 3669 555 3749 statuit,

226 3771 279 3853 qui
300 3770 431 3834 resistat
453 3772 499 3852 ei,

105 3997 108 4000 ,
170 3964 200 4026 5.
223 3959 405 4028 Johunnem
428 3961 616 4043 baptistam,
645 4027 651 4038 ,

222 4063 315 4148 cujus
339 4062 422 4128 diem
445 4063 542 4128 hodie

222 4166 354 4231 colimus
376 4170 557 4250 passionis

222 4301 283 4378 Qui
303 4321 415 4382 regem
438 4301 601 4366 Herodem

222 4404 382 4483 arguebat
403 4410 539 4485 propter

222 4502 448 4567 llerodiadem.

767 1114 786 1175 5
839 1113 869 1176 6.
892 1109 1017 1177 Assunt
1040 1112 1207 1193 convivia,

750 2306 789 2364 15

750 3428 791 3490 25

752 4065 793 4128 30

223 4637 291 4703 Sed
311 4641 516 4724 impiissimus
539 4642 715 4725 piissimum
752 4644 793 4706 35

223 4749 419 4813 incarcerari
437 4750 537 4831 jussit
559 4751 728 4832 famulum,

224 4869 318 4931 quem
340 4853 416 4914 totis
438 4853 547 4934 perire
572 4854 693 4920 nisibus

223 4956 394 5021 laborabat
415 4957 584 5023 Herodias.

893 1216 969 1280 lecit
990 1216 1139 1280 Herodes
1160 1236 1222 1280 rex

893 1338 1016 1383 coenam
1039 1318 1138 1383 natali
1161 1336 1238 1398 suo,

892 1455 1016 1518 Primos
1038 1454 1184 1520 Galilaeae

894 1559 1073 1641 principes,
1096 1560 1242 1623 tribunos

892 1661 969 1725 lecit
991 1663 1103 1726 vocari
1126 1660 1167 1725 ad
1190 1681 1235 1724 se.

895 1797 981 1863 Inter
1003 1799 1116 1881 epulas

893 1900 960 1965 filia
981 1903 1069 1965 venit

894 2005 995 2087 ipsius
1017 2003 1151 2068 moechae
1174 2002 1388 2084 llerodiadis,

893 2135 1000 2220 Coepit
1022 2137 1131 2220 puella

895 2239 1008 2305 ludere
1031 2241 1117 2303 bella

894 2343 1043 2407 saltando
1061 2345 1206 2407 manibus
1221 2353 1254 2407 et
1270 2343 1395 2427 plaude:

842 2536 872 2596 7.
896 2530 1034 2596 Saltatio
1056 2533 1127 2597 haec
1149 2532 1272 2596 Herodi

895 2637 1015 2720 placuit
1037 2646 1070 2699 et
1092 2635 1293 2700 multitudini.

895 2774 985 2840 Tunc
1006 2795 1066 2838 rex
1083 2775 1208 2859 juravit
1229 2773 1367 2858 puellae,

895 2879 1047 2962 quidquid
1070 2880 1221 2963 petisset,
1245 2879 1307 2942 ribi
1330 2877 1395 2942 dari

894 3013 964 3078 Nec
986 3031 1093 3095 mora,
1117 3012 1280 3077 admonita

894 3125 997 3180 matre
1021 3115 1215 3198 nequissima

897 3227 994 3301 rogat
1016 3221 1191 3303 pretiosum

897 3320 1160 3404 caputJolnannis
1168 3319 1289 3384 Christi
1296 3340 1395 3405 praece

896 3458 968 3522 Rex
993 3458 1099 3522 statim
1122 3459 1155 3521 in
1178 3477 1313 3523 carcere

898 3563 976 3626 iecit
998 3562 1156 3645 amputari

898 3674 996 3750 caput
1018 3667 1121 3731 saneti
1143 3666 1206 3730 viri

898 3779 932 3833 et
953 3769 1072 3853 puellae
1095 3767 1167 3832 dari
1189 3768 1334 3834 nefariae.

847 3960 877 4023 8.
900 3958 987 4023 'l'alis
1009 3968 1043 4023 et
1064 3966 1195 4027 tantus.

899 4070 1029 4127 sanctus
1052 4070 1084 4125 et
1107 4060 1229 4126 christi
1252 4063 1373 4128 amicus

898 4165 976 4230 abiit
995 4186 1055 4250 per
1078 4167 1289 4231 meretricem.

898 4302 981 4368 lluic
1004 4304 1068 4367 mel
1090 4304 1182 4367 silvae

900 4426 968 4469 ...e
988 4425 1078 4484 esca,
1107 4413 1202 4489 potus
1225 4412 1348 4472 tantum
1370 4427 1395 4471 at

898 4510 999 4574 vestis
1023 4517 1095 4573 erat
1117 4508 1282 4574 camelina.

899 4646 1007 4729 Nunc,
1030 4655 1154 4731 martyr
1176 4648 1395 4731 invictissime,

902 4751 1003 4817 amice
1026 4752 1199 4815 salvatoris
1222 4750 1342 4833 mundi,

899 4871 959 4917 nos
982 4873 1080 4937 prece
1108 4863 1163 4919 tua
1186 4853 1315 4919 domino

900 4955 962 5021 deo
986 4959 1183 5023 commenda.

259 5139 450 5195 Reicbeuauer
468 5141 515 5195 lls.
543 5141 595 5197 No.
612 5144 669 5196 151.
696 5141 750 5198 anf
769 5144 831 5198 dem
850 5143 954 5198 letnten
974 5144 1065 5212 matt,
1099 5161 1150 5199 aus
1168 5145 1230 5198 dent
1249 5144 1394 5200 tesauro

172 5225 225 5280 den
243 5226 343 5294 Noton,
362 5226 562 5283 durchldchert
579 5228 636 5283 und
649 5228 829 5301 obgerieben‚
848 5230 936 5284 daher
954 5231 991 5285 ist
1007 5232 1057 5285 der
1072 5230 1190 5286 Schluss
1204 5230 1281 5286 nicht
1294 5228 1345 5285 mit
1358 5228 1394 5286 si

172 5311 231 5367 beit
248 5313 380 5368 metrisch
398 5315 583 5371 abzutbeileu.
