3250 6517
163 913 229 977 112

165 1095 333 1162 Odilecte
355 1114 425 1178 prae
448 1094 582 1175 celena
616 1101 619 1105 ’
648 1139 650 1142 >
843 1102 877 1158 tu
900 1092 954 1174 qui
976 1090 1079 1173 collis,
1101 1088 1164 1156 duo
1186 1088 1228 1155 ad
1251 1099 1392 1162 montem

165 1197 344 1277 Christum,
368 1211 475 1278 aquo
499 1193 660 1276 diligeris,
840 1205 964 1280 praesta
986 1214 1139 1279 sponsum

164 1299 375 1382 interpellans
844 1296 887 1360 ad
909 1295 1082 1360 videndum

166 1411 199 1465 et
222 1418 362 1465 exorans
749 1397 790 1459 30
843 1398 938 1477 virgo
961 1404 1047 1461 totus
1068 1397 1183 1479 gratia.

166 1520 226 1565 nos
250 1501 281 1563 ei
303 1499 446 1564 concilia.

843 1583 973 1669 Sponso
995 1586 1066 1650 laus
1088 1604 1149 1668 per
1167 1584 1288 1649 secula.

167 1663 215 1727 'l'u
238 1662 292 1744 qui
314 1662 416 1743 rivus,
440 1658 503 1725 duc
526 1660 568 1725 ad
589 1661 724 1740 fontem,

253 1849 301 1904 Hs.
322 1865 355 1902 zu
373 1848 455 1914 Bern,
473 1845 537 1900 hist
555 1849 590 1900 17
608 1862 659 1900 aus
677 1845 739 1898 dem
759 1847 793 1897 14
810 1844 908 1900 daleth.
945 1843 1028 1898 Diese
1046 1843 1173 1912 Sequenz
1191 1844 1241 1897 hat
1257 1842 1283 1896 iu
1304 1843 1389 1896 iliram

164 1936 362 1992 Achulichlreit
379 1935 429 1990 mit
447 1934 535 1987 einem
553 1934 655 1989 Itanon
671 1948 730 1987 von
748 1931 913 2001 Troparien.

253 2060 269 2112 8
291 2058 418 2128 angelus,
436 2056 483 2110 lla
521 2058 555 2107 17
572 2055 699 2122 miratur,
717 2054 764 2107 lls.
802 2054 837 2107 18
854 2054 953 2108 besser
971 2057 1050 2108 wdrc
1069 2053 1209 2109 tormenti.

253 2177 286 2229 V.
306 2180 330 2229 1.
359 2176 514 2230 trinitatem
532 2178 660 2241 reserat,
686 2173 746 2227 dies
770 2173 844 2227 wind
870 2173 898 2226 in
916 2173 969 2227 den
988 2174 1104 2227 Menaon
1123 2174 1246 2228 erlrldrt:
1275 2172 1306 2228 τὸ
1325 2171 1393 2246 ἀρχῇ

166 2268 247 2334 ἔστησε
266 2261 314 2317 τοῦ
332 2260 423 2331 λόγου,
442 2253 529 2320 αὖθις
547 2259 578 2312 δὲ
595 2258 626 2314 τὸ
645 2257 716 2333 πρὸς
736 2257 783 2313 τὸν
801 2262 907 2333 πατέρα
922 2257 1085 2332 ἀχώριστον,
1104 2253 1276 2328 naiteinos,
1298 2260 1365 2332 μετὰ
1378 2280 1393 2313 u

166 2349 214 2419 τῆς
228 2346 393 2421 τοῦπατρὸς
407 2342 517 2406 οὐσίας·
537 2342 664 2400 δεικνύων
683 2344 746 2415 ἡμῖν
765 2344 801 2399 δι’
820 2342 905 2400 αὐτοῦ
923 2345 970 2417 τὴν
990 2343 1160 2419 ὀρθοδοξίαν
1178 2345 1226 2416 τῆς
1245 2346 1328 2423 ὁρίας
1346 2367 1394 2422 τρι(

166 2436 230 2490 llai.
249 2435 272 2487 8.
307 2434 401 2487 Dalion
425 2432 513 2486 heisst
537 2447 567 2485 os
595 2434 667 2485 auch
686 2431 763 2501 Sept
781 2433 824 2485 26.
861 2429 974 2506 ρράψας
999 2429 1063 2503 ἡμῖν
1089 2432 1119 2488 τὸ
1144 2434 1269 2509 Χριστοῦ
1294 2437 1394 2510 ἐοαρρέ)

167 2523 310 2593 &solornis
334 2522 381 2575 τὸν
403 2523 508 2594 πατέρα
536 2522 581 2573 καὶ
608 2518 655 2574 τὸν
679 2518 738 2574 dior
763 2523 808 2573 uui
827 2517 856 2574 τὸ
878 2517 985 2590 πνεῦμα
1005 2520 1187 2586 §genudolariam
1223 2518 1273 2591 τῆς
1290 2521 1394 2596 τριάδος

166 2606 267 2680 ρτῶσιν
292 2603 428 2681 ἅριδήλως
452 2604 521 2661 πᾶσι
548 2613 605 2668 τοῖς
626 2609 737 2661 ἔθνεσίν
755 2603 874 2680 ἐκήρυξε.
910 2606 1094 2676 avangelista
1112 2606 1255 2662 dohanncs
1276 2609 1353 2664 velut
1369 2623 1394 2676 at

165 2698 247 2751 volat
264 2696 349 2751 altius
368 2696 571 2766 caliginemque
590 2701 676 2750 terras
695 2695 878 2762 transcendit,
897 2700 926 2750 et
944 2695 1033 2749 lucem
1050 2696 1180 2751 veritatis
1194 2692 1394 2751 firmioribuso

166 2785 299 2838 intuetur.
327 2782 751 2853 numidininevaugdohd,
771 2783 886 2846 15.§1.
923 2781 962 2835 Er
987 2781 1060 2835 wind
1084 2783 1156 2835 auch
1183 2782 1229 2836 bei
1252 2782 1306 2837 den
1330 2782 1394 2838 (iric

166 2872 216 2927 mit
234 2872 297 2925 dem
315 2871 403 2928 Adlcr
422 2869 593 2940 abgebildet
621 2869 719 2922 Horor.
738 2869 797 2921 176.
815 2868 886 2922 nach
901 2869 1001 2921 Enoch.
1020 2871 1045 2935 1,
1066 2871 1109 2922 10.

254 2958 288 3010 V.
306 2960 331 3010 2.
357 2972 477 3011 summus
496 2954 682 3026 evangelista,
701 2954 789 3008 daher
807 2952 835 3006 in
854 2953 907 3007 den
925 2954 1041 3007 Mendeu
1060 2955 1191 3023 θεμέλιος
1203 2952 1257 3009 τῶν
1271 2957 1356 3011 θείων
1368 2952 1394 3010 ld

167 3040 288 3116 ἀρχηγὸς
306 3041 354 3112 τῆς
373 3044 529 3115 θεολογίας.
556 3040 620 3095 llai.
638 3042 662 3095 8.
695 3039 783 3114 κῆρυξ
800 3037 962 3114 πρώτιστος.
981 3040 1017 3093 ib.
1057 3040 1210 3095 altissimus
1228 3041 1394 3114 avangelista

166 3132 219 3185 dei.
251 3132 363 3184 Ausetani
381 3134 452 3182 orat.
472 3129 513 3180 cr.

256 3215 289 3268 V.
304 3217 328 3268 l.
358 3212 569 3268 Transcendeus
587 3212 747 3267 universam
765 3217 933 3281 creaturum,
952 3214 1150 3268 transcendens
1165 3215 1267 3283 omnia,
1286 3215 1394 3287 inpetu

166 3304 282 3358 verbum
302 3301 372 3355 vidit
389 3306 419 3355 et
435 3300 521 3368 bibit3
558 3316 643 3370 super
662 3316 770 3355 omnem
789 3306 949 3356 creaturam
966 3301 1051 3370 vidit,
1078 3301 1112 3355 do
1131 3307 1248 3371 pectora
1266 3303 1394 3359 dominil

167 3391 195 3446 S.
213 3392 348 3458 Aliquotim'
371 3402 464 3441 sermo
485 3388 549 3454 120,
569 3390 593 3440 1.
628 3386 853 3442 Transcenderat
871 3389 965 3443 omnia
983 3389 1126 3443 cacumina
1144 3394 1299 3459 tamarum,
1325 3393 1394 3444 mani

167 3475 248 3529 derat
267 3489 362 3527 omnes
381 3488 495 3542 campos
514 3473 604 3540 adria,
631 3473 845 3528 transcenderat
863 3490 959 3528 omues
978 3473 1141 3529 altitudines
1159 3474 1296 3545 siderum,
1323 3482 1394 3532 tram

166 3560 248 3614 derat
267 3575 362 3613 omues
381 3558 485 3613 choros
504 3564 533 3612 ct
552 3558 679 3628 legiones
698 3559 872 3629 angelorum
900 3561 953 3614 uisi
973 3562 1045 3615 enim
1062 3562 1277 3618 transcenderet
1294 3563 1350 3618 ista
1364 3576 1394 3618 σι

167 3663 229 3718 quas
248 3650 436 3711 crastenum,
456 3659 511 3697 non
529 3644 692 3712 perveniret
710 3646 745 3700 ad
765 3661 834 3713 eum,
853 3662 1002 3715 perquem
1021 3645 1099 3702 facta
1117 3654 1181 3703 sunt
1199 3649 1300 3704 omnia.
1322 3651 1394 3719 Aur

165 3734 229 3789 doh.
245 3747 345 3802 evang.
360 3734 383 3796 1,
397 3733 422 3784 5.

253 3819 285 3872 V.
304 3821 346 3871 21.
369 3817 474 3888 Virgo,
501 3821 658 3891 παρθένος,
690 3818 779 3873 heisst
795 3819 939 3875 lohannes
965 3821 1035 3874 ancli
1060 3820 1249 3892 regelmdssig
1271 3821 1300 3876 in
1323 3820 1394 3876 dcn'

166 3904 271 3972 parien.
300 3904 371 3958 Goor
389 3904 418 3959 S.
437 3906 498 3959 336.
534 3906 563 3959 ln
590 3906 643 3960 den
666 3905 783 3960 Menden
811 3906 883 3959 auch
908 3905 969 3959 eine
994 3906 1095 3960 andere
1119 3906 1303 3979 Verbindung
1327 3907 1392 3963 θεολ

164 3992 316 4063 παρθένος.
340 3989 418 4060 Sept.
436 3993 478 4045 26.

427 4273 511 4347 704.
549 4274 591 4344 ln
616 4275 793 4345 nativitate
821 4299 848 4344 s.
876 4271 1054 4344 dohanuis
1076 4298 1202 4376 evang.

165 4469 338 4537 Sollemnis
361 4472 430 4537 dies
454 4473 600 4554 advenit,
844 4474 943 4550 Quem
968 4494 1063 4541 sacro
1085 4496 1184 4561 super
1205 4491 1340 4564 pectore

166 4592 229 4657 quo
251 4575 345 4657 virgo
368 4576 485 4639 coelum
506 4577 614 4658 petiit,
843 4584 897 4639 tuo
920 4578 1002 4641 lacis
1025 4582 1214 4645 recumbere

165 4679 369 4760 evangelista
390 4680 560 4759 maximus,
842 4680 952 4743 ultima
975 4682 1005 4744 in
1028 4701 1135 4764 coena,
1159 4683 1302 4769 domine,

164 4782 332 4847 lohannes
357 4790 388 4844 et
411 4782 588 4865 apostolus.
843 4800 936 4864 quom
955 4788 1110 4865 potereris
1130 4788 1242 4867 pridie.

163 4945 247 5011 Hinc
271 4954 347 5010 vota
369 4946 474 5011 laudis
497 4948 625 5012 solvere
768 4952 787 5010 5
842 4939 904 5005 Cui
925 4951 1059 5005 matrem
1083 4944 1139 5007 tali
1159 4946 1285 5013 loedero

164 5057 198 5114 et
220 5049 371 5132 hymnum
395 5051 492 5132 gestit
515 5069 665 5133 promere
841 5045 953 5107 mortis
976 5047 1146 5129 conjungis
1168 5059 1331 5136 tempora,

164 5158 298 5215 caterva
320 5154 422 5216 nostri
444 5152 565 5217 ordinis
841 5154 877 5209 ut
898 5149 1048 5212 noverint
1070 5168 1105 5212 se
1129 5153 1241 5217 colere

163 5250 287 5316 honora
310 5256 390 5318 tanti
412 5255 545 5320 coelibis.
841 5257 951 5318 metris
974 5276 1013 5321 ac
1036 5259 1138 5341 prolis
1163 5261 1300 5329 nomine.
