3250 6517
234 1089 297 1155 iste
319 1089 529 1154 certissimam

235 1194 426 1258 monstravit
447 1193 608 1274 semitam,

236 1332 274 1399 ln
293 1349 356 1413 quo
378 1332 423 1395 nil
446 1330 505 1393 nisi

234 1435 290 1518 pia
313 1434 500 1517 simplicitas

236 1555 276 1601 ac
298 1553 410 1599 norma
432 1534 546 1599 radiat.

170 1730 200 1794 11.
232 1725 293 1791 llic
310 1727 380 1810 jam
404 1748 424 1791 a
445 1727 548 1826 primo
565 1725 646 1790 flore
754 1728 793 1789 15

239 1844 272 1900 et
294 1837 385 1900 anuis
407 1837 529 1901 teneris

236 1941 369 2004 maturis
391 1942 533 2005 moribus

236 2049 401 2106 senectam
422 2038 594 2123 possidens

234 2176 375 2244 Cunctas
400 2178 534 2242 lascivae
557 2177 664 2241 carnis

233 2278 406 2344 illecebras
429 2277 563 2342 domans
750 2278 793 2340 20

233 2371 314 2462 ἁγίῳ
338 2370 500 2459 πνεύματι

233 2499 271 2545 se
293 2499 353 2545 vas
375 2481 527 2546 exhihuit.

173 2674 203 2734 1.
236 2670 378 2748 Quantas
403 2670 466 2734 (leo
489 2670 610 2760 animas

232 2774 375 2838 lucratus
398 2773 509 2855 luerit,

233 2875 380 2939 dominus
403 2882 549 2938 numerat
749 2873 791 2935 25

230 2988 264 3043 et
286 2979 388 3043 hostis
411 2977 561 3060 ingemit3

233 3112 334 3197 (injus
357 3131 460 3178 novas
482 3114 605 3176 naenias

232 3225 265 3280 et
287 3215 510 3281 crudelissima

232 3322 349 3406 proelia
371 3321 496 3386 coelitus
582 3356 586 3363 -

231 3424 378 3489 suffultus
400 3431 572 3487 straverat.
749 3423 790 3487 30

166 3614 196 3678 5.
227 3612 294 3680 [ste
316 3614 450 3681 calicem
471 3614 584 3678 lethali

230 3725 310 3802 potu
338 3716 515 3802 spumidum
538 3718 661 3782 eminus

231 3821 329 3886 misso
353 3821 446 3903 siguo
470 3822 575 3887 crucis

232 3945 292 3991 ceu
314 3944 394 3991 saxo
412 3927 504 4009 jacto
527 3927 681 4009 fregerat.

230 4064 494 4148 Persequentium
517 4065 626 4129 ruinas
748 4064 789 4127 35

231 4168 320 4233 dolet
342 4178 378 4234 ut
394 4169 501 4236 David
521 4188 624 4255 opera

232 4276 400 4340 absentum
422 4276 555 4356 spiritu·

231 4375 400 4457 cognoscit
422 4374 594 4439 Helisaico.

754 1088 794 1152 1o
847 1089 878 1153 5.
907 1084 952 1154 Ut
969 1104 1065 1152 sacer
1082 1084 1218 1170 Moyses

914 1190 956 1255 de
978 1210 1062 1276 rupe
1082 1189 1214 1257 tluvim

912 1290 1191 1377 precihus'elieit‚

912 1395 1034 1459 terrum
1056 1401 1171 1459 natare
1193 1394 1360 1479 praecipit3

912 1553 957 1621 Ut
978 1555 1109 1621 Petrum
1133 1556 1279 1623 dominus

913 1662 962 1726 sic
983 1661 1132 1726 Maurum
1155 1680 1289 1727 currere

911 1763 1051 1846 fecerat,
1073 1755 1236 1848 πελάγους

911 1857 1013 1951 φύσιν
1033 1883 1095 1948 per
1116 1863 1214 1929 tidem
1237 1883 1401 1949 superans.

846 2139 876 2199 1.
910 2131 1023 2198 ormo
1044 2135 1147 2218 petris

912 2236 1031 2301 luctum
1054 2235 1208 2300 abstersit

912 2339 1064 2404 defuncto
1086 2340 1163 2403 vitae
1186 2337 1324 2404 reddito.

911 2498 1091 2565 Collectum
1115 2498 1225 2565 mundi

910 2605 1043 2687 globum
1065 2610 1161 2668 nocte
1184 2622 1245 2668 ceu

909 2712 969 2774 sub
993 2709 1071 2774 solis
1088 2708 1209 2793 jubare
1230 2708 1322 2773 vidit.

844 2979 874 3041 8.
906 2976 968 3042 Diu
986 2978 1212 3062 praescriptum
1234 2979 1321 3042 beati

909 3081 959 3145 sui
983 3080 1136 3145 transitus

911 3183 994 3247 diem
1016 3201 1227 3268 praenoscens
1249 3184 1389 3267 signavit

910 3287 995 3351 caris
1018 3286 1179 3351 fratribus.

910 3447 1056 3512 0beunte
1080 3445 1195 3512 eodem

911 3549 1041 3632 quidam
1063 3549 1315 3634 pulcherrimam

909 3651 1059 3717 viderant
1081 3653 1182 3735 mam,

909 3825 974 3890 Per
997 3846 1092 3909 quam
1113 3827 1178 3891 illis
1200 3836 1253 3892 est
1277 3829 1394 3895 dietum

909 3927 1120 3993 Benedictum
1142 3939 1271 4013 patrem

910 4032 1000 4095 coelis
1024 4030 1208 4108 advectum,

844 4277 874 4338 9.
905 4273 975 4351 Quo
999 4275 1091 4356 sequi
1113 4293 1173 4339 nos

909 4376 1007 4440 donet
1030 4369 1185 4462 Χριστός.

254 4593 313 4647 Aue
331 4592 552 4663 geschriehenen
570 4594 709 4649 Zusitzen
727 4594 777 4649 (les
797 4597 831 4649 15
849 4594 949 4651 Jahrh
973 4610 1008 4649 zu
1031 4595 1120 4650 einem
1144 4595 1367 4670 gleichzeitigen
1383 4599 1414 4656 lt.

165 4679 239 4734 buch
256 4679 284 4732 iu
303 4679 461 4734 Karlrruhe
479 4679 546 4750 (Α).
582 4680 630 4736 lis.
647 4696 682 4734 zu
697 4680 835 4736 hliuchen
860 4679 929 4737 0111.
949 4681 1044 4737 moso.
1069 4679 1089 4737 f.
1106 4683 1150 4737 211.
1169 4682 1219 4737 des
1245 4685 1278 4739 11
1297 4685 1396 4742 Jahrh.

167 4766 291 4822 Neumen
311 4766 375 4838 (B).
411 4767 508 4822 Daniel
522 4771 548 4835 2,
567 4769 603 4822 57
620 4767 684 4838 gibt
701 4769 755 4823 den
772 4767 898 4842 Aulaug.

253 4922 287 4973 12
305 4935 361 4990 qua
379 4920 410 4976 Β.
455 4923 490 4976 19
507 4921 635 4978 lascivio
653 4922 684 4978 Β.
727 4925 760 4978 21
780 4886 848 4996 agie
867 4922 1007 4994 pneumati
1023 4923 1081 4977 ΑΒ.
1122 4924 1159 4976 27
1176 4921 1264 4996 hujus
1282 4922 1315 4980 Β.
1352 4927 1414 4998 51]

163 5005 242 5061 ciuus
270 5004 400 5065 111111Αυ
452 5012 488 5065 tt
515 5009 652 5082 precepit
678 5010 709 5065 Β.
761 5012 797 5067 ts
820 5009 941 5082 pelagus
967 5008 1060 5081 phisin
1086 5009 1143 5065 ΑΒ.
1196 5011 1231 5064 55
1255 5011 1414 5080 Atratum

164 5094 199 5150 62
217 5096 304 5154 celos
323 5098 352 5153 B.
388 5099 423 5154 63
444 5114 525 5171 quem
543 5099 574 5155 Β.
610 5099 647 5155 ot
669 5118 785 5176 χριστυς
804 5099 835 5155 Β.
1280 5100 1285 5109 ’
