3250 6517
295 1116 346 1183 Sit
366 1118 438 1182 laus
461 1117 692 1202 protomartyri
711 1114 901 1201 Stephano,
925 1119 978 1199 qni
1000 1117 1130 1201 spiritus

293 1221 398 1287 annoti
421 1221 537 1304 plener
559 1219 668 1303 gratia
688 1221 836 1285 veritatis
858 1220 986 1285 inolitus

292 1323 445 1390 defensor
468 1325 609 1387 existere
633 1341 697 1387 non
720 1332 770 1388 est
792 1325 929 1404 veritus,

394 1426 522 1492 domine
544 1435 605 1492 ete.

291 1599 392 1665 'l'unm
414 1606 689 1682 protomartyrem
709 1597 926 1683 Stephanum,
954 1600 1012 1682 ¹qui
1031 1597 1161 1666 'fortiter

290 1702 501 1787 triumphavit
522 1700 636 1782 hodie,
662 1701 883 1768 ooliaudemus
906 1703 1044 1788 pariter,

292 1823 489 1872 oonseorane
509 1805 681 1872 eeclesiam
704 1812 790 1870 tuam
813 1804 969 1888 digniter,

398 1907 525 1975 donne
547 1915 610 1975 ete

292 2080 518 2165 Protomartyr
539 2057 720 2164 Stephane,
750 2079 804 2160 qui
826 2077 953 2145 devotis
976 2081 1127 2163 preeibu's

292 2183 435 2250 exorasti
457 2181 618 2247 dominum
639 2198 700 2266 pro
723 2188 755 2245 te
777 2181 1011 2266 lapidantibus,
1342 2184 1382 2247 15

291 2287 480 2350 assistentes
503 2291 642 2368 protege
666 2283 728 2348 tuis
750 2283 912 2367 laudibus,

395 2388 522 2454 domine
544 2395 606 2453 ete.

292 2559 357 2626 Pro
379 2562 476 2625 beato
498 2557 667 2643 Stephano
689 2558 747 2624 trbi
767 2558 1003 2641 benedicimus,
1034 2567 1036 2570 ’

291 2685 364 2744 rex,
386 2680 508 2728 corona
530 2669 726 2744 martyrum,
749 2661 807 2725 tibi
827 2669 940 2743 grates
962 2663 1101 2745 agimus,

289 2767 406 2831 imitari
428 2766 579 2849 petimus,
602 2763 662 2846 da,
684 2763 772 2847 quod
791 2764 938 2846 oolimns,

395 2867 523 2934 domine
546 2871 606 2932 eto.

170 3055 220 3110 Hs.
238 3049 644 3123 zuLnxemburgNo.1oe,b
662 3063 713 3105 aua
732 3049 793 3105 dem
811 3051 846 3103 12
858 3048 958 3103 Jahrb.
977 3065 1034 3105 von
1052 3048 1142 3107 onte
1156 3066 1214 3108 von
1230 3053 1383 3112 bnoehaa,

151 3140 361 3197 Krinstliehheit
387 3139 436 3201 des
453 3137 553 3194 hiedea
582 3137 692 3193 beateht
721 3136 820 3204 darin,
852 3135 918 3190 daea
943 3136 994 3190 der
1011 3136 1119 3194 Nanen
1135 3138 1186 3194 dee
1202 3138 1335 3212 heiligen
1352 3142 1395 3210 in·

151 3245 162 3284 r
179 3228 305 3298 Strophe
328 3226 358 3281 in
377 3226 467 3280 einem
485 3225 574 3281 Caena
591 3224 751 3279 vorhommt
778 3222 834 3277 und
858 3238 938 3277 rwar
965 3223 995 3277 iu
1012 3224 1063 3280 der
1080 3239 1191 3295 genuen
1207 3226 1298 3300 Fulge
1316 3244 1383 3284 vem

151 3316 245 3372 ,inntiv
262 3315 306 3371 bis
324 3330 385 3369 num
403 3313 528 3369 Ablatir.

238 3632 348 3709 1161.
388 3634 534 3731 Tropue
560 3633 596 3701 in
623 3630 679 3702 die
701 3629 735 3702 h.
762 3630 936 3729 Stephani
963 3637 1237 3732 protomartyris

155 3865 316 3950 Stephani
760 3862 867 3928 iraeto
888 3872 1014 3929 naturae

151 3986 183 4033 eo
206 3965 363 4048 sangnine
761 3964 873 4029 fratris
896 3966 974 4031 obiit
997 3963 1076 4029 aeie.
1109 4044 1112 4049 ,
1344 3968 1383 4026 15

151 4069 234 4154 en
706 4060 710 4073 ¹
1098 4068 1101 4076 ·

151 4180 227 4238 nant
248 4171 413 4255 primitiae,

715 4216 718 4223 ‚
763 4128 868 4213 Culpa
889 4147 953 4193 non
975 4134 1030 4192 est.
1047 4092 1108 4191 sub
1130 4127 1285 4210 ealigine,

714 4301 716 4307 ,
763 4234 881 4298 elamat
904 4230 1040 4313 sanguis
1057 4229 1147 4295 iosus
1170 4229 1280 4312 hodie,

151 4380 261 4444 ninnnt
283 4376 429 4462 pristim
690 4378 716 4440 5.
762 4356 828 4402 non
850 4337 992 4418 uelatur,
1026 4404 1028 4408 ,

763 4438 851 4522 quod
873 4443 1086 4515 monstratur,
1257 4481 1259 4485 -

763 4542 821 4607 ulli
843 4541 950 4617 dubiae
971 4539 1093 4623 111113
1116 4559 1118 4563 ·
1343 4545 1386 4608 20

764 4642 977 4729 turpitudines

764 4748 797 4810 in
821 4745 891 4811 dies
913 4754 947 4812 et
966 4747 1113 4816 uindices

672 4893 713 4957 w
765 4847 807 4914 de
835 4849 967 4914 erimine
1006 4893 1008 4899 -

766 4951 909 5016 clamant
930 4953 1037 5021 anne

631 5092 634 5097 -
767 5051 848 5139 Sion
870 5053 963 5119 fihae:

153 4502 206 4546 em
228 4481 413 4564 scripturae,

151 4594 201 4650 ent
223 4583 340 4666 figurae

151 4692 171 4750 a
195 4688 359 4766 obscurae,

151 4791 245 4856 ‚diant
269 4775 408 4874 pagine

151 4915 159 4958 a
182 4893 308 4978 gratiae.

151 5118 191 5175 nt
212 5108 330 5173 saturat

151 5234 182 5278 ra
203 5229 384 5296 pressurae,
767 5218 815 5304 ,0
837 5219 983 5300 domine,

152 5316 173 5382 d
197 5314 288 5382 Abel
304 5316 381 5401 jure
690 5343 694 5351 ·
766 5321 845 5387 sede
866 5323 900 5387 in
921 5322 1076 5406 pulvere,
1105 5339 1166 5405 pro
1189 5316 1258 5385 filio
1337 5324 1339 5329 ’
