3250 6517
227 929 292 995 too

228 1114 329 1180 heum
353 1113 464 1179 laudet
484 1122 595 1179 noster
618 1112 753 1194 ohorus,

228 1217 325 1283 laude
349 1216 466 1300 dignus
489 1217 543 1299 qui
564 1223 616 1281 est
636 1214 726 1279 solus

273 1326 306 1383 et
328 1319 412 1384 omni
434 1317 530 1384 lande
553 1317 689 1400 dignior.
809 1315 850 1377 15

230 1428 355 1486 eructet
376 1419 512 1485 laudans
535 1417 588 1482 dei
610 1417 728 1482 donum

228 1523 268 1586 in·
284 1528 422 1605 patrono
444 1523 578 1584 verbum
601 1520 718 1583 bonum

272 1625 357 1706 vita,
380 1624 505 1705 lingua,
528 1641 618 1686 mens
641 1630 673 1685 et
696 1639 761 1687 eor.

125 1871 126 1875 ¹
228 1841 458 1908 Mardoohaeus
480 1842 673 1922 honoratur,

229 1943 374 2009 Naaman
398 1942 491 2026 leprd
512 1942 683 2006 mundatur
810 1941 851 2003 20

273 2055 307 2112 et
328 2045 436 2111 Aman
460 2044 674 2128 suspenditur.

231 2169 346 2216 sancus
370 2150 454 2214 stols
476 2156 705 2230 commutatur,

230 2256 368 2319 sordens
391 2271 470 2321 earo
492 2260 683 2333 renovatur,

274 2357 406 2422 Zaohaei
427 2356 517 2422 fraus
540 2355 688 2420 abolitur.

230 2569 343 2639 Arrha
366 2570 452 2634 stola
473 2569 577 2652 prima
600 2568 708 2648 datur,
769 2631 773 2642 ,
810 2567 852 2631 25

229 2677 262 2742 iu
285 2676 347 2739 hae
371 2675 423 2737 die
448 2672 665 2756 amplexatur,

273 2777 393 2841 vitulus
417 2775 589 2856 occiditur,

231 2882 303 2964 agri
326 2881 429 2945 nultor‘
451 2879 628 2959 simonisat,

213 2973 305 3047 'dum
326 2983 472 3064 ignorat,
496 2987 646 3063 quantum
670 2984 769 3059 amat,

275 3085 325 3148 oui
347 3082 422 3167 plus
446 3083 621 3146 dimittitur.
810 3081 852 3143 30

231 3295 363 3362 Gratum
385 3295 497 3360 florem
519 3296 604 3359 inter
626 3295 757 3379 spinas,

230 3399 348 3466 bonum
371 3399 480 3461 viuum
503 3396 544 3460 ad
568 3399 723 3462 convivas

273 3492 364 3566 novit
386 3501 466 3564 deus
489 3501 618 3580 tacere,

230 3605 337 3670 haurit
358 3623 459 3688 aquas
481 3622 571 3668 mens
592 3602 736 3684 doloris,

231 3727 311 3792 quas
335 3709 485 3773 divinisat
507 3709 635 3792 saporis
810 3707 852 3770 35

273 3813 327 3895 pie
349 3820 444 3896 pater
465 3809 572 3875 hodie.

229 4023 370 4092 Samson
392 4025 486 4090 tortis
510 4031 545 4089 tn
567 4023 669 4106 sumti,

230 4138 328 4213 eaput
349 4130 465 4213 Dagon
487 4127 666 4211 praeoidisti

274 4249 372 4316 snper
397 4230 569 4310 liminaria,

231 4332 381 4398 draconis
404 4340 502 4417 eaput
523 4332 640 4397 trivisti
806 4334 848 4397 to

231 4442 264 4499 et
287 4434 423 4518 Golyam
446 4435 611 4518 peremisti

274 4538 342 4601 vita
364 4536 561 4605 heremitica.

903 1109 1071 1175 Offerebas
1093 1117 1129 1174 ut
1149 1105 1255 1191 Abel,

902 1211 1078 1278 luctabaris
1099 1212 1133 1275 in
1154 1209 1288 1294 Bethel,

947 1314 1077 1378 servisti
1098 1312 1205 1379 Jacob
1227 1330 1291 1397 pro
1311 1312 1440 1397 Ruohel,
1466 1301 1496 1376 tt

902 1417 1043 1483 relutatd
1064 1418 1214 1502 Jesabel,
1539 1469 1543 1549 4

903 1521 1052 1586 castitate
1074 1520 1190 1586 Daniel
1542 1602 1543 1617 χ

946 1623 986 1686 fis
1009 1623 1129 1688 illaesns
1151 1633 1187 1689 ut
1208 1624 1363 1692 Mizahel.
1542 1634 1543 1646 ¹

904 1837 1030 1916 Quaeris
1051 1829 1116 1903 non
1138 1839 1223 1904 inter
1246 1848 1414 1923 parentes,

904 1940 1057 2023 (imitaris
1079 1943 1243 2025 fugientes

946 2043 1091 2127 domum,
1114 2053 1227 2127 notos,
1251 2044 1422 2130 patriam)

903 2167 1015 2230 regem
1037 2167 1168 2231 regum,
1193 2168 1288 2231 quem
1312 2149 1434 2228 amasti,

904 2250 958 2314 dei
980 2257 1058 2315 nutu
1086 2258 1119 2315 tu
1142 2252 1270 2316 intrasti

947 2354 1065 2418 vallem
1087 2353 1190 2419 Rodis
1212 2353 1386 2419 horridam.

1468 1941 1544 2090 u

905 2566 932 2632 0
955 2586 1062 2633 eomes
1084 2568 1258 2651 Pictaviae,
1468 2560 1494 2625 5⁵

904 2691 993 2735 more
1016 2673 1105 2755 regis
1126 2673 1243 2736 Ninive

947 2776 1108 2857 poenitens
1132 2783 1164 2840 te
1183 2774 1373 2857 humiliasti,

904 2877 1087 2944 Ezeohielis
1108 2878 1276 2962 precibus,

904 2980 1113 3063 Magdalenae
1134 2980 1265 3045 lletihus

949 3083 1085 3148 eilluens
1107 3084 1207 3147 vitam
1229 3081 1436 3165 prolongasti
1467 3073 1496 3138 tl

904 3297 960 3363 Ad
983 3299 1067 3363 hano
1085 3306 1188 3380 tuam,
1210 3299 1296 3362 hone
1317 3303 1424 3379 pater,

905 3402 1080 3485 singularis
1102 3401 1192 3465 ferus
1214 3419 1297 3484 aper

948 3525 990 3569 ne
1013 3504 1164 3568 devastet
1185 3505 1334 3584 vineam,

905 3607 1046 3674 transfer
1068 3609 1133 3672 oito
1157 3607 1199 3671 de
1223 3602 1400 3691 Aegypto,

903 3710 1074 3776 Pharaone
1097 3708 1277 3790 suffocato,
1473 3699 1501 3764 65

948 3812 990 3879 ad
1013 3813 1066 3879 dei
1087 3814 1200 3880 looans
1223 3813 1404 3894 dexteram,

903 4026 968 4096 Ubi
989 4025 1062 4092 linis
1084 4029 1179 4092 bonae
1201 4027 1295 4110 vitae,

904 4133 946 4198 ad
970 4152 1064 4215 quem
1087 4131 1221 4196 tendunt
1243 4133 1424 4213 heremitam

947 4244 1069 4300 aeterna
1092 4236 1248 4317 societas,

903 4338 1060 4422 splendor
1082 4337 1179 4420 luois,
1202 4339 1257 4402 via
1280 4338 1377 4419 vitae,
1473 4323 1500 4388 ⁷⁰

903 4447 1017 4523 pastor
1039 4441 1141 4520 bone,
1163 4439 1249 4503 mina
1272 4441 1349 4504 mite

900 4534 902 4537 ’
947 4559 1007 4606 nos
1029 4541 1073 4606 ad
1095 4543 1172 4626 agni
1193 4543 1333 4625 nuptias.

317 4748 365 4804 lis.
383 4765 418 4804 ru
436 4746 601 4818 Karteruhe,
620 4764 647 4803 o.
665 4748 717 4806 No.
734 4764 800 4806 vom
816 4750 890 4806 Juhr
909 4750 986 4805 1tto.
1005 4749 1047 4805 Bl
1064 4751 1126 4805 319.
1143 4749 1194 4804 mit
1210 4748 1397 4805 hlusiknoten.

317 4875 334 4926 t
353 4869 499 4925 wilhelm
516 4869 562 4924 ils
586 4869 636 4925 der
653 4871 728 4928 Vere
746 4871 879 4944 verhngt
896 4871 942 4926 die
959 4871 1018 4926 alte
1036 4871 1127 4928 Foru.
1169 4872 1206 4926 to
1223 4871 1344 4926 enutris.
1361 4869 1409 4926 lle.
1441 4862 1506 4921 tid

230 4953 302 5014 fehlt
320 4959 369 5013 der
386 4958 434 5014 lle.
471 4957 506 5012 56
526 4957 573 5029 qui
589 4973 659 5014 mor.
677 4958 724 5015 lle.
759 4960 794 5014 ot
811 4964 920 5030 pastor,
938 4959 986 5014 lla
1023 4957 1315 5030 ideonunquam.

299 5129 356 5185 Dus
373 5129 441 5184 Lied
459 5129 497 5185 ist
514 5146 572 5186 von
589 5131 679 5185 einem
695 5124 908 5187 iranntisisehen
924 5130 1054 5200 Dichter,
1084 5130 1141 5185 wie
1165 5129 1209 5185 die
1227 5126 1361 5203 lliusnng
1379 5127 1428 5183 der
1444 5121 1511 5181 bibli·

229 5215 315 5270 seheri
332 5215 528 5287 Beniehungen
551 5216 607 5271 nnd
632 5215 677 5270 die
700 5216 822 5272 Wtirter
845 5216 981 5273 divinisat
996 5219 1032 5272 35
1057 5217 1132 5272 mina
1149 5219 1183 5271 tt
1207 5232 1234 5273 v.
1251 5232 1344 5274 mem
1366 5213 1513 5273 vamum

228 5301 266 5358 Ee
284 5302 341 5375 gub
358 5303 431 5359 anch
448 5303 507 5359 ulte
524 5299 716 5361 hminisnhe
734 5303 834 5361 Lieder
851 5301 906 5361 aut
918 5304 979 5361 ibn:
998 5304 1087 5377 vulgo
1106 5304 1216 5362 canitur
1233 5297 1513 5380 ajoenlntoribmts
