3250 6517
225 911 291 977 1oe

225 1097 465 1165 {leonianam
489 1099 640 1182 peperit,
901 1100 1076 1165 exolutum

224 1221 286 1284 per
308 1220 403 1284 quem
426 1201 573 1266 Chrisms
596 1203 702 1286 operit
943 1206 977 1269 in
999 1207 1105 1272 crucis
1126 1208 1281 1292 patibulo.

267 1305 371 1368 sinum
392 1304 630 1388 poeniteutssius.
807 1308 847 1368 15

899 1367 955 1434 lot
970 1378 1170 1452 unguem

223 1464 327 1530 Detur
349 1466 381 1529 iu
404 1466 588 1531 celestibus
899 1471 1095 1554 vulneratis,

225 1576 451 1631 osanctorum
473 1567 603 1631 dubus
900 1572 1138 1639 condimentum

222 1666 331 1734 Aunae
349 1670 517 1751 salutatio,
900 1674 1074 1757 tnibulutis,

218 1770 367 1855 jocundo
389 1773 541 1838 laudatio.
942 1778 1040 1843 solvit
1061 1799 1083 1844 u
1102 1781 1259 1864 periculo.

221 1935 372 2005 Laudant
394 1939 507 2002 matris
528 1940 675 2020 viscere,
803 1941 846 2005 20
899 1942 1021 2008 Munna
1043 1944 1119 2009 coeli
1140 1966 1259 2011 monne
1281 1955 1379 2011 wirne

221 2041 357 2107 laudant
377 2043 488 2106 matris
510 2043 628 2121 ubere,
899 2043 979 2108 curt
1001 2045 1095 2109 stude
1117 2064 1178 2111 nos
1201 2048 1380 2114 uansferre

219 2144 359 2209 fructum
381 2143 584 2225 beatificent,
942 2144 985 2209 ud
1007 2146 1101 2212 lactis
1123 2148 1228 2212 mellis
1247 2151 1400 2233 putrium,

219 2246 358 2313 Mariam
380 2247 597 2331 magnificant.
941 2247 985 2312 ud
1007 2249 1150 2332 paradisi
1175 2253 1308 2318 curiam.

218 2411 314 2479 Felix
335 2411 448 2495 Aona,
901 2413 1009 2478 Meter
1030 2413 1084 2477 dei
1102 2414 1290 2500 genituicis,

219 2539 262 2583 ex
285 2527 317 2583 te
340 2538 459 2583 monna
899 2523 1002 2581 mater
1024 2524 1147 2582 nostrae
1168 2520 1367 2604 salvatricis,

217 2620 337 2685 mundo
356 2620 466 2702 datur,
941 2641 1003 2704 per
1024 2629 1057 2684 te
1079 2640 1228 2704 praeseus
1249 2624 1373 2690 familia

218 2743 283 2808 quo
306 2733 460 2810 pascatur
942 2731 1048 2789 tecum
1068 2733 1188 2808 regnet
1208 2727 1242 2792 in
1263 2729 1379 2812 glorio.

260 2829 294 2892 iu
317 2828 449 2893 deserto
471 2826 630 2910 p⁰P¹1¹⁰⁸3
897 2887 967 2952 Nos
990 2889 1181 2953 commenda
1202 2890 1354 2976 trinitati,

217 2988 290 3057 Hoc
313 2991 462 3072 dulcore,
897 2988 951 3053 foc
972 2996 1008 3053 nt
1029 2991 1122 3054 verbi
1144 2992 1306 3057 incarnati

217 3095 282 3168 hoo
303 3113 425 3179 sapore
897 3095 1003 3157 servis
1025 3093 1091 3156 suis
1114 3101 1211 3176 utque
1235 3094 1299 3159 tuis

218 3207 436 3279 sustentatur,
940 3196 1035 3261 detur
1057 3196 1250 3261 benedictio.

216 3312 410 3389 procreetur

261 3426 303 3470 ex
326 3424 443 3470 manno
466 3404 668 3470 vermiculus.
896 3361 967 3427 Μ
988 3370 1023 3426 ut
1044 3368 1158 3427 ΝΜ
1179 3361 1378 3446 Symphfflifl

898 3473 931 3529 et
952 3465 985 3528 in
1007 3479 1111 3546 reguo
1134 3470 1168 3527 et
1188 3463 1221 3527 in
1244 3464 1300 3528 viu

217 3565 369 3633 vermem
393 3569 488 3633 istum
896 3569 939 3631 sit
959 3568 1065 3632 Maria
1088 3566 1245 3649 melodia,

217 3670 292 3736 dico
315 3672 485 3751 Christum,
800 3678 842 3740 35
939 3692 1086 3754 carmen,
1104 3674 1273 3759 jubilatio,

217 3779 311 3844 nobis
334 3786 456 3859 nutum,
937 3779 1008 3844 leus
1030 3778 1146 3844 Marino
1168 3777 1245 3843 filio.
1278 3799 1381 3844 omen.

302 3947 508 4018 semburgo
525 3946 572 4001 Hs
590 3946 621 4001 E.
638 3946 682 4000 60.
700 3945 743 4001 Bt
761 3946 804 4001 48
829 3948 862 3999 15
879 3944 977 4003 Juhrh.
1005 3939 1072 4012 vgt
1090 3938 1142 3994 No.
1160 3939 1223 3992 cot.

304 4050 383 4108 Nuch
403 4054 436 4106 1⁵
455 4050 588 4106 scheiuen
606 4053 623 4106 3
642 4050 731 4107 Verso
749 4067 783 4106 zu
801 4048 905 4107 iehlen.
939 4050 974 4103 ta
992 4044 1097 4112 solvat,
1118 4043 1166 4097 iis.

303 4159 336 4214 V.
355 4162 398 4216 20.
426 4164 550 4236 μακαρία
568 4158 587 4231 ἦ
604 4159 693 4216 κοιλία
711 4177 763 4212 oon
780 4160 826 4210 καὶ
845 4151 871 4210 ὁι
888 4155 1000 4226 penitet
1025 4169 1077 4205 σου
1095 4145 1207 4222 ὡραῖοι,
1238 4148 1266 4203 ot
1283 4144 1463 4218 θηλῶσαντκ

214 4247 381 4317 &plocimon
399 4248 529 4326 Χριστόν.
555 4248 611 4305 tul.
628 4249 672 4302 2⁵.

675 4561 762 4632 801.
797 4562 855 4632 De
877 4587 904 4632 s.
930 4563 1045 4633 Anna.

212 4796 312 4865 Anna
335 4789 445 4853 matris
468 4788 550 4851 iesu
573 4784 695 4849 Christi
891 4787 967 4854 Ave
990 4784 1141 4867 templum
1165 4782 1276 4865 templi
1299 4779 1370 4861 dei,

212 4907 333 4974 muter,
355 4893 410 4974 pia
433 4889 595 4974 protulisti
775 4888 777 4890 ’
893 4892 1045 4976 templum
1067 4888 1160 4953 uobis
1183 4885 1323 4969 requiei,

253 4995 465 5083 peccantibus
485 4990 658 5075 retugium,
936 4991 1088 5074 templum
1110 4988 1205 5073 primi
1227 4985 1368 5066 luminis,

211 5101 266 5175 dei
287 5103 423 5164 matrem
445 5097 623 5179 concepisti
891 5106 925 5160 tu
947 5115 983 5159 es
1005 5111 1123 5176 parens
1144 5099 1268 5157 nostrae
1290 5088 1377 5172 spei,

338 5207 467 5281 tumque
490 5200 646 5283 peperisti
817 5203 838 5262 5
891 5219 952 5283 por
975 5217 1070 5279 quam
1091 5194 1173 5258 salvi
1196 5193 1278 5259 fiunt
1299 5192 1348 5257 rei

165 5084 255 5404 b
287 5220 438 5428 Quos
459 5304 646 5369 remedium.
703 5318 706 5325 ·
935 5301 1095 5384 baptismo
1118 5298 1175 5362 toti
1197 5296 1344 5362 fluminis.
