<?xml version="1.0" encoding="UTF-8"?>
<!DOCTYPE html PUBLIC "-//W3C//DTD XHTML 1.0 Transitional//EN"
    "http://www.w3.org/TR/xhtml1/DTD/xhtml1-transitional.dtd">
<html xmlns="http://www.w3.org/1999/xhtml" xml:lang="en" lang="en">
 <head>
  <title>
</title>
<meta http-equiv="Content-Type" content="text/html;charset=utf-8" />
  <meta name='ocr-system' content='tesseract 3.04.00' />
  <meta name='ocr-capabilities' content='ocr_page ocr_carea ocr_par ocr_line ocrx_word'/>
</head>
<body>
  <div class='ocr_page' id='page_1' title='image "./lateinischehymn00monegoog/lateinischehymn00monegoog_0339.png"; bbox 0 0 3250 6517; ppageno 0'>
   <div class='ocr_carea' id='block_1_1' title="bbox 181 1124 1458 1510">
    <p class='ocr_par' dir='ltr' id='par_1_1' title="bbox 181 1124 1351 1221">
     <span class='ocr_line' id='line_1_1' title="bbox 181 1124 1351 1221; baseline 0.005 -26"><span class='ocrx_word' id='word_1_1' title='bbox 181 1124 252 1195; x_wconf 77' lang='lat' dir='ltr'><strong>Sex</strong></span> <span class='ocrx_word' id='word_1_2' title='bbox 274 1132 371 1196; x_wconf 92' lang='lat' dir='ltr'><strong>struis</strong></span> <span class='ocrx_word' id='word_1_3' title='bbox 394 1132 427 1194; x_wconf 91' lang='lat' dir='ltr'><strong>in</strong></span> <span class='ocrx_word' id='word_1_4' title='bbox 449 1126 561 1196; x_wconf 86' lang='lat' dir='ltr'><strong>Sicilia</strong></span> <span class='ocrx_word' id='word_1_5' title='bbox 786 1133 806 1196; x_wconf 78' lang='grc'><strong>5</strong></span> <span class='ocrx_word' id='word_1_6' title='bbox 862 1134 911 1203; x_wconf 85' lang='lat' dir='ltr'><strong>&#39;l&#39;u</strong></span> <span class='ocrx_word' id='word_1_7' title='bbox 932 1132 1129 1221; x_wconf 71' lang='lat' dir='ltr'><strong>Anglicauis</strong></span> <span class='ocrx_word' id='word_1_8' title='bbox 1150 1136 1304 1221; x_wconf 70' lang='lat' dir='ltr'><strong>gentibus</strong></span> <span class='ocrx_word' id='word_1_9' title='bbox 1349 1146 1351 1151; x_wconf 84' lang='lat'>&#39;</span> 
     </span>
    </p>

    <p class='ocr_par' dir='ltr' id='par_1_2' title="bbox 181 1228 1318 1427">
     <span class='ocr_line' id='line_1_2' title="bbox 223 1228 1303 1323; baseline 0.006 -24"><span class='ocrx_word' id='word_1_10' title='bbox 223 1241 259 1299; x_wconf 91' lang='lat' dir='ltr'><strong>et</strong></span> <span class='ocrx_word' id='word_1_11' title='bbox 281 1234 504 1317; x_wconf 85' lang='lat' dir='ltr'><strong>septimunic</strong></span> <span class='ocrx_word' id='word_1_12' title='bbox 527 1230 615 1299; x_wconf 85' lang='lat' dir='ltr'><strong>Urbe</strong></span> <span class='ocrx_word' id='word_1_13' title='bbox 905 1238 1059 1313; x_wconf 91' lang='lat' dir='ltr'><strong>doctores</strong></span> <span class='ocrx_word' id='word_1_14' title='bbox 1080 1228 1303 1323; x_wconf 71' lang='lat' dir='ltr'><strong>transmisisti,</strong></span> 
     </span>
     <span class='ocr_line' id='line_1_3' title="bbox 181 1336 1318 1427; baseline 0.004 -25"><span class='ocrx_word' id='word_1_15' title='bbox 181 1343 318 1421; x_wconf 86' lang='lat' dir='ltr'><strong>accepta</strong></span> <span class='ocrx_word' id='word_1_16' title='bbox 341 1336 555 1414; x_wconf 88' lang='lat' dir='ltr'><strong>monasteria,</strong></span> <span class='ocrx_word' id='word_1_17' title='bbox 860 1360 943 1427; x_wconf 87' lang='lat' dir='ltr'><strong>quas</strong></span> <span class='ocrx_word' id='word_1_18' title='bbox 964 1341 1086 1407; x_wconf 87' lang='lat' dir='ltr'><strong>meritis</strong></span> <span class='ocrx_word' id='word_1_19' title='bbox 1108 1348 1143 1407; x_wconf 89' lang='lat' dir='ltr'><strong>et</strong></span> <span class='ocrx_word' id='word_1_20' title='bbox 1163 1343 1318 1427; x_wconf 87' lang='lat' dir='ltr'><strong>precibus</strong></span> 
     </span>
    </p>

    <p class='ocr_par' dir='ltr' id='par_1_3' title="bbox 223 1437 1458 1510">
     <span class='ocr_line' id='line_1_4' title="bbox 223 1437 1458 1510; baseline 0.001 -6"><span class='ocrx_word' id='word_1_21' title='bbox 223 1439 300 1504; x_wconf 91' lang='lat' dir='ltr'><strong>binc</strong></span> <span class='ocrx_word' id='word_1_22' title='bbox 321 1437 484 1503; x_wconf 75' lang='lat' dir='ltr'><strong>subtrahis</strong></span> <span class='ocrx_word' id='word_1_23' title='bbox 506 1445 540 1503; x_wconf 83' lang='lat' dir='ltr'><strong>te</strong></span> <span class='ocrx_word' id='word_1_24' title='bbox 561 1439 675 1504; x_wconf 81' lang='lat' dir='ltr'><strong>turbtc.</strong></span> <span class='ocrx_word' id='word_1_25' title='bbox 904 1442 948 1509; x_wconf 89' lang='lat' dir='ltr'><strong>ad</strong></span> <span class='ocrx_word' id='word_1_26' title='bbox 969 1442 1066 1509; x_wconf 84' lang='lat' dir='ltr'><strong>fidem</strong></span> <span class='ocrx_word' id='word_1_27' title='bbox 1089 1443 1289 1510; x_wconf 79' lang='lat' dir='ltr'><strong>convertisti.</strong></span> <span class='ocrx_word' id='word_1_28' title='bbox 1428 1441 1458 1505; x_wconf 84' lang='grc'><strong>10</strong></span> 
     </span>
    </p>
   </div>
   <div class='ocr_carea' id='block_1_2' title="bbox 180 1628 1345 2024">
    <p class='ocr_par' dir='ltr' id='par_1_4' title="bbox 181 1628 1345 1818">
     <span class='ocr_line' id='line_1_5' title="bbox 181 1628 1345 1715; baseline -0.001 -17"><span class='ocrx_word' id='word_1_29' title='bbox 181 1628 226 1698; x_wconf 87' lang='lat' dir='ltr'><strong>Ut</strong></span> <span class='ocrx_word' id='word_1_30' title='bbox 246 1649 347 1697; x_wconf 86' lang='lat' dir='ltr'><strong>vaces</strong></span> <span class='ocrx_word' id='word_1_31' title='bbox 369 1630 432 1696; x_wconf 91' lang='lat' dir='ltr'><strong>deo</strong></span> <span class='ocrx_word' id='word_1_32' title='bbox 454 1632 575 1713; x_wconf 90' lang='lat' dir='ltr'><strong>libere,</strong></span> <span class='ocrx_word' id='word_1_33' title='bbox 858 1628 985 1696; x_wconf 74' lang='lat' dir='ltr'><strong>ll&#39;lendo</strong></span> <span class='ocrx_word' id='word_1_34' title='bbox 1007 1629 1182 1715; x_wconf 75' lang='lat' dir='ltr'><strong>Trajanum</strong></span> <span class='ocrx_word' id='word_1_35' title='bbox 1205 1647 1345 1697; x_wconf 75' lang='lat' dir='ltr'><strong>revocas</strong></span> 
     </span>
     <span class='ocr_line' id='line_1_6' title="bbox 223 1732 1256 1818; baseline -0.002 -19"><span class='ocrx_word' id='word_1_36' title='bbox 223 1742 355 1799; x_wconf 88' lang='lat' dir='ltr'><strong>terrena</strong></span> <span class='ocrx_word' id='word_1_37' title='bbox 376 1734 614 1818; x_wconf 76' lang='lat' dir='ltr'><strong>contempsisti,</strong></span> <span class='ocrx_word' id='word_1_38' title='bbox 764 1732 804 1796; x_wconf 89' lang='lat'><strong>10</strong></span> <span class='ocrx_word' id='word_1_39' title='bbox 902 1751 923 1797; x_wconf 93' lang='lat' dir='ltr'><strong>a</strong></span> <span class='ocrx_word' id='word_1_40' title='bbox 944 1751 1042 1816; x_wconf 88' lang='lat' dir='ltr'><strong>poena</strong></span> <span class='ocrx_word' id='word_1_41' title='bbox 1066 1732 1256 1815; x_wconf 76' lang='lat' dir='ltr'><strong>gehennali,</strong></span> 
     </span>
    </p>

    <p class='ocr_par' dir='ltr' id='par_1_5' title="bbox 180 1832 1304 2024">
     <span class='ocr_line' id='line_1_7' title="bbox 180 1832 1304 1921; baseline -0.002 -18"><span class='ocrx_word' id='word_1_42' title='bbox 180 1844 217 1904; x_wconf 92' lang='lat' dir='ltr'><strong>ut</strong></span> <span class='ocrx_word' id='word_1_43' title='bbox 237 1853 354 1921; x_wconf 93' lang='lat' dir='ltr'><strong>posses</strong></span> <span class='ocrx_word' id='word_1_44' title='bbox 376 1836 432 1900; x_wconf 86' lang='lat' dir='ltr'><strong>vix</strong></span> <span class='ocrx_word' id='word_1_45' title='bbox 455 1835 649 1918; x_wconf 85' lang='lat' dir='ltr'><strong>subsistere,</strong></span> <span class='ocrx_word' id='word_1_46' title='bbox 859 1841 1017 1899; x_wconf 75' lang='lat' dir='ltr'><strong>matrone)</strong></span> <span class='ocrx_word' id='word_1_47' title='bbox 1038 1832 1136 1897; x_wconf 84' lang='lat' dir='ltr'><strong>iidem</strong></span> <span class='ocrx_word' id='word_1_48' title='bbox 1157 1833 1304 1901; x_wconf 85' lang='lat' dir='ltr'><strong>advocas</strong></span> 
     </span>
     <span class='ocr_line' id='line_1_8' title="bbox 223 1935 1260 2024; baseline -0.003 -20"><span class='ocrx_word' id='word_1_49' title='bbox 223 1941 272 2004; x_wconf 86' lang='lat' dir='ltr'><strong>sic</strong></span> <span class='ocrx_word' id='word_1_50' title='bbox 294 1956 412 2024; x_wconf 90' lang='lat' dir='ltr'><strong>corpus</strong></span> <span class='ocrx_word' id='word_1_51' title='bbox 436 1938 587 2003; x_wconf 82' lang='lat' dir='ltr'><strong>afflixisti.</strong></span> <span class='ocrx_word' id='word_1_52' title='bbox 904 1952 1002 2000; x_wconf 87' lang='lat' dir='ltr'><strong>carne</strong></span> <span class='ocrx_word' id='word_1_53' title='bbox 1025 1935 1260 2001; x_wconf 80' lang='lat' dir='ltr'><strong>sacramentali</strong></span> 
     </span>
    </p>
   </div>
   <div class='ocr_carea' id='block_1_3' title="bbox 179 2122 1456 2519">
    <p class='ocr_par' dir='ltr' id='par_1_6' title="bbox 179 2122 1456 2519">
     <span class='ocr_line' id='line_1_9' title="bbox 179 2122 1456 2211; baseline -0.005 -17"><span class='ocrx_word' id='word_1_54' title='bbox 179 2122 382 2211; x_wconf 77' lang='lat' dir='ltr'><strong>Argenteum</strong></span> <span class='ocrx_word' id='word_1_55' title='bbox 397 2124 615 2211; x_wconf 88' lang='lat' dir='ltr'><strong>&#39;paropsidem</strong></span> <span class='ocrx_word' id='word_1_56' title='bbox 859 2123 909 2189; x_wconf 84' lang='lat' dir='ltr'><strong>Tu</strong></span> <span class='ocrx_word' id='word_1_57' title='bbox 930 2123 1047 2208; x_wconf 90' lang='lat' dir='ltr'><strong>plenus</strong></span> <span class='ocrx_word' id='word_1_58' title='bbox 1064 2140 1101 2187; x_wconf 87' lang='lat' dir='ltr'><strong>es</strong></span> <span class='ocrx_word' id='word_1_59' title='bbox 1122 2123 1311 2202; x_wconf 83' lang='lat' dir='ltr'><strong>virtutibus,</strong></span> <span class='ocrx_word' id='word_1_60' title='bbox 1426 2122 1456 2187; x_wconf 75' lang='lat' dir='ltr'><strong>li</strong></span> 
     </span>
     <span class='ocr_line' id='line_1_10' title="bbox 222 2225 1255 2314; baseline -0.005 -19"><span class='ocrx_word' id='word_1_61' title='bbox 222 2248 329 2314; x_wconf 84' lang='lat' dir='ltr'><strong>egeno</strong></span> <span class='ocrx_word' id='word_1_62' title='bbox 352 2225 527 2313; x_wconf 79' lang='lat' dir='ltr'><strong>erogabas,</strong></span> <span class='ocrx_word' id='word_1_63' title='bbox 901 2225 1255 2309; x_wconf 78' lang='lat' dir='ltr'><strong>magnus-bumilitate,</strong></span> 
     </span>
     <span class='ocr_line' id='line_1_11' title="bbox 180 2328 1325 2413; baseline -0.004 -14"><span class='ocrx_word' id='word_1_64' title='bbox 180 2334 387 2399; x_wconf 82' lang='lat' dir='ltr'><strong>admoneam</strong></span> <span class='ocrx_word' id='word_1_65' title='bbox 410 2332 500 2396; x_wconf 91' lang='lat' dir='ltr'><strong>venit</strong></span> <span class='ocrx_word' id='word_1_66' title='bbox 520 2329 631 2395; x_wconf 87' lang='lat' dir='ltr'><strong>itidem</strong></span> <span class='ocrx_word' id='word_1_67' title='bbox 763 2333 803 2395; x_wconf 78' lang='lat'><strong>15</strong></span> <span class='ocrx_word' id='word_1_68' title='bbox 859 2336 893 2393; x_wconf 91' lang='lat' dir='ltr'><strong>tu</strong></span> <span class='ocrx_word' id='word_1_69' title='bbox 910 2328 1028 2410; x_wconf 75' lang='lat' dir='ltr'><strong>‘largus</strong></span> <span class='ocrx_word' id='word_1_70' title='bbox 1051 2346 1088 2392; x_wconf 86' lang='lat' dir='ltr'><strong>es</strong></span> <span class='ocrx_word' id='word_1_71' title='bbox 1110 2329 1325 2413; x_wconf 86' lang='lat' dir='ltr'><strong>pauperibus,</strong></span> 
     </span>
     <span class='ocr_line' id='line_1_12' title="bbox 222 2432 1267 2519; baseline -0.002 -20"><span class='ocrx_word' id='word_1_72' title='bbox 222 2441 299 2518; x_wconf 88' lang='lat' dir='ltr'><strong>post</strong></span> <span class='ocrx_word' id='word_1_73' title='bbox 320 2453 460 2519; x_wconf 85' lang='lat' dir='ltr'><strong>pauper,</strong></span> <span class='ocrx_word' id='word_1_74' title='bbox 484 2440 517 2497; x_wconf 92' lang='lat' dir='ltr'><strong>et</strong></span> <span class='ocrx_word' id='word_1_75' title='bbox 538 2433 692 2515; x_wconf 86' lang='lat' dir='ltr'><strong>notabas,</strong></span> <span class='ocrx_word' id='word_1_76' title='bbox 898 2432 1063 2515; x_wconf 79' lang='lat' dir='ltr'><strong>perlectus</strong></span> <span class='ocrx_word' id='word_1_77' title='bbox 1085 2432 1267 2497; x_wconf 82' lang='lat' dir='ltr'><strong>sanctitate.</strong></span> 
     </span>
    </p>
   </div>
   <div class='ocr_carea' id='block_1_4' title="bbox 177 2621 1454 3015">
    <p class='ocr_par' dir='ltr' id='par_1_7' title="bbox 177 2621 1325 2707">
     <span class='ocr_line' id='line_1_13' title="bbox 177 2621 1325 2707; baseline 0.002 -18"><span class='ocrx_word' id='word_1_78' title='bbox 177 2623 273 2707; x_wconf 74' lang='lat' dir='ltr'><strong>Quod</strong></span> <span class='ocrx_word' id='word_1_79' title='bbox 294 2624 417 2689; x_wconf 90' lang='lat' dir='ltr'><strong>vultum</strong></span> <span class='ocrx_word' id='word_1_80' title='bbox 438 2630 540 2688; x_wconf 90' lang='lat' dir='ltr'><strong>mutat</strong></span> <span class='ocrx_word' id='word_1_81' title='bbox 562 2622 722 2704; x_wconf 89' lang='lat' dir='ltr'><strong>crebrius,</strong></span> <span class='ocrx_word' id='word_1_82' title='bbox 856 2621 1014 2690; x_wconf 78' lang='lat' dir='ltr'><strong>Columbd</strong></span> <span class='ocrx_word' id='word_1_83' title='bbox 1035 2623 1151 2689; x_wconf 89' lang='lat' dir='ltr'><strong>doctus</strong></span> <span class='ocrx_word' id='word_1_84' title='bbox 1173 2624 1325 2691; x_wconf 67' lang='lat' dir='ltr'><strong>ducem</strong></span> 
     </span>
    </p>

    <p class='ocr_par' dir='ltr' id='par_1_8' title="bbox 177 2726 1454 2916">
     <span class='ocr_line' id='line_1_14' title="bbox 221 2726 1454 2812; baseline 0 -21"><span class='ocrx_word' id='word_1_85' title='bbox 221 2727 281 2793; x_wconf 90' lang='lat' dir='ltr'><strong>sed</strong></span> <span class='ocrx_word' id='word_1_86' title='bbox 304 2727 405 2792; x_wconf 79' lang='lat' dir='ltr'><strong>refert</strong></span> <span class='ocrx_word' id='word_1_87' title='bbox 426 2726 611 2811; x_wconf 86' lang='lat' dir='ltr'><strong>adjuratus,</strong></span> <span class='ocrx_word' id='word_1_88' title='bbox 898 2734 1026 2792; x_wconf 84' lang='lat' dir='ltr'><strong>secreta</strong></span> <span class='ocrx_word' id='word_1_89' title='bbox 1048 2727 1299 2812; x_wconf 89' lang='lat' dir='ltr'><strong>scripturarum,</strong></span> <span class='ocrx_word' id='word_1_90' title='bbox 1424 2726 1454 2791; x_wconf 76' lang='lat' dir='ltr'><strong>tt</strong></span> 
     </span>
     <span class='ocr_line' id='line_1_15' title="bbox 177 2826 1296 2916; baseline -0.004 -19"><span class='ocrx_word' id='word_1_91' title='bbox 177 2829 265 2916; x_wconf 90' lang='lat' dir='ltr'><strong>quod</strong></span> <span class='ocrx_word' id='word_1_92' title='bbox 287 2830 424 2912; x_wconf 83' lang='lat' dir='ltr'><strong>augelus</strong></span> <span class='ocrx_word' id='word_1_93' title='bbox 445 2830 488 2893; x_wconf 89' lang='lat' dir='ltr'><strong>sit</strong></span> <span class='ocrx_word' id='word_1_94' title='bbox 510 2827 661 2912; x_wconf 91' lang='lat' dir='ltr'><strong>proprius</strong></span> <span class='ocrx_word' id='word_1_95' title='bbox 850 2826 951 2910; x_wconf 84' lang='lat' dir='ltr'><strong>juges</strong></span> <span class='ocrx_word' id='word_1_96' title='bbox 973 2827 1149 2909; x_wconf 79' lang='lat' dir='ltr'><strong>languores</strong></span> <span class='ocrx_word' id='word_1_97' title='bbox 1170 2830 1296 2912; x_wconf 85' lang='lat' dir='ltr'><strong>pateris</strong></span> 
     </span>
    </p>

    <p class='ocr_par' dir='ltr' id='par_1_9' title="bbox 220 2929 1297 3015">
     <span class='ocr_line' id='line_1_16' title="bbox 220 2929 1297 3015; baseline -0.003 -16"><span class='ocrx_word' id='word_1_98' title='bbox 220 2956 241 3000; x_wconf 88' lang='lat' dir='ltr'><strong>a</strong></span> <span class='ocrx_word' id='word_1_99' title='bbox 263 2933 327 2998; x_wconf 95' lang='lat' dir='ltr'><strong>deo</strong></span> <span class='ocrx_word' id='word_1_100' title='bbox 349 2933 408 2998; x_wconf 92' lang='lat' dir='ltr'><strong>tibi</strong></span> <span class='ocrx_word' id='word_1_101' title='bbox 429 2930 533 2997; x_wconf 88' lang='lat' dir='ltr'><strong>datus.</strong></span> <span class='ocrx_word' id='word_1_102' title='bbox 759 2929 802 2993; x_wconf 88' lang='lat'><strong>20</strong></span> <span class='ocrx_word' id='word_1_103' title='bbox 898 2930 1093 3012; x_wconf 88' lang='lat' dir='ltr'><strong>doloresque</strong></span> <span class='ocrx_word' id='word_1_104' title='bbox 1111 2949 1297 3015; x_wconf 67' lang='lat' dir='ltr'><strong>poenarum,</strong></span> 
     </span>
    </p>
   </div>
   <div class='ocr_carea' id='block_1_5' title="bbox 175 3116 1484 3517">
    <p class='ocr_par' dir='ltr' id='par_1_10' title="bbox 175 3116 1484 3307">
     <span class='ocr_line' id='line_1_17' title="bbox 175 3116 1484 3215; baseline -0.001 -24"><span class='ocrx_word' id='word_1_105' title='bbox 175 3122 258 3191; x_wconf 80' lang='lat' dir='ltr'><strong>Gum</strong></span> <span class='ocrx_word' id='word_1_106' title='bbox 279 3140 399 3207; x_wconf 88' lang='lat' dir='ltr'><strong>papam</strong></span> <span class='ocrx_word' id='word_1_107' title='bbox 421 3120 603 3203; x_wconf 77' lang='lat' dir='ltr'><strong>inguinaria</strong></span> <span class='ocrx_word' id='word_1_108' title='bbox 854 3116 923 3185; x_wconf 85' lang='lat' dir='ltr'><strong>Sed</strong></span> <span class='ocrx_word' id='word_1_109' title='bbox 946 3121 1052 3184; x_wconf 88' lang='lat' dir='ltr'><strong>versis</strong></span> <span class='ocrx_word' id='word_1_110' title='bbox 1070 3119 1140 3204; x_wconf 89' lang='lat' dir='ltr'><strong>jam</strong></span> <span class='ocrx_word' id='word_1_111' title='bbox 1162 3124 1355 3189; x_wconf 81' lang='lat' dir='ltr'><strong>meroribus</strong></span> <span class='ocrx_word' id='word_1_112' title='bbox 1480 3202 1484 3215; x_wconf 37' lang='grc'>1</span> 
     </span>
     <span class='ocr_line' id='line_1_18' title="bbox 221 3222 1258 3307; baseline 0.003 -16"><span class='ocrx_word' id='word_1_113' title='bbox 221 3225 383 3292; x_wconf 86' lang='lat' dir='ltr'><strong>decedere</strong></span> <span class='ocrx_word' id='word_1_114' title='bbox 405 3224 529 3307; x_wconf 70' lang='lat' dir='ltr'><strong>coegit,</strong></span> <span class='ocrx_word' id='word_1_115' title='bbox 897 3231 931 3288; x_wconf 92' lang='lat' dir='ltr'><strong>et</strong></span> <span class='ocrx_word' id='word_1_116' title='bbox 952 3222 1080 3289; x_wconf 88' lang='lat' dir='ltr'><strong>fletibus</strong></span> <span class='ocrx_word' id='word_1_117' title='bbox 1101 3225 1133 3289; x_wconf 92' lang='lat' dir='ltr'><strong>in</strong></span> <span class='ocrx_word' id='word_1_118' title='bbox 1157 3226 1258 3293; x_wconf 88' lang='lat' dir='ltr'><strong>risum</strong></span> 
     </span>
    </p>

    <p class='ocr_par' dir='ltr' id='par_1_11' title="bbox 176 3324 1455 3517">
     <span class='ocr_line' id='line_1_19' title="bbox 176 3324 1455 3412; baseline -0.002 -19"><span class='ocrx_word' id='word_1_119' title='bbox 176 3329 280 3400; x_wconf 86' lang='lat' dir='ltr'><strong>omnis</strong></span> <span class='ocrx_word' id='word_1_120' title='bbox 301 3325 449 3392; x_wconf 82' lang='lat' dir='ltr'><strong>Romana</strong></span> <span class='ocrx_word' id='word_1_121' title='bbox 471 3324 561 3390; x_wconf 88' lang='lat' dir='ltr'><strong>ouria</strong></span> <span class='ocrx_word' id='word_1_122' title='bbox 850 3326 920 3411; x_wconf 87' lang='lat' dir='ltr'><strong>jam</strong></span> <span class='ocrx_word' id='word_1_123' title='bbox 940 3346 1062 3412; x_wconf 89' lang='lat' dir='ltr'><strong>pausas</strong></span> <span class='ocrx_word' id='word_1_124' title='bbox 1083 3349 1104 3394; x_wconf 87' lang='lat' dir='ltr'><strong>a</strong></span> <span class='ocrx_word' id='word_1_125' title='bbox 1127 3328 1297 3398; x_wconf 92' lang='lat' dir='ltr'><strong>doloribus</strong></span> <span class='ocrx_word' id='word_1_126' title='bbox 1424 3328 1455 3392; x_wconf 79' lang='grc'><strong>51</strong></span> 
     </span>
     <span class='ocr_line' id='line_1_20' title="bbox 218 3428 1340 3517; baseline 0.003 -19"><span class='ocrx_word' id='word_1_127' title='bbox 218 3433 253 3498; x_wconf 92' lang='lat' dir='ltr'><strong>in</strong></span> <span class='ocrx_word' id='word_1_128' title='bbox 274 3449 394 3517; x_wconf 92' lang='lat' dir='ltr'><strong>papam</strong></span> <span class='ocrx_word' id='word_1_129' title='bbox 415 3436 448 3493; x_wconf 89' lang='lat' dir='ltr'><strong>te</strong></span> <span class='ocrx_word' id='word_1_130' title='bbox 471 3428 586 3511; x_wconf 80' lang='lat' dir='ltr'><strong>elegit3</strong></span> <span class='ocrx_word' id='word_1_131' title='bbox 895 3430 928 3494; x_wconf 95' lang='lat' dir='ltr'><strong>in</strong></span> <span class='ocrx_word' id='word_1_132' title='bbox 950 3429 1045 3496; x_wconf 87' lang='lat' dir='ltr'><strong>deum</strong></span> <span class='ocrx_word' id='word_1_133' title='bbox 1068 3433 1208 3498; x_wconf 88' lang='lat' dir='ltr'><strong>tendens</strong></span> <span class='ocrx_word' id='word_1_134' title='bbox 1228 3436 1340 3501; x_wconf 83' lang='lat' dir='ltr'><strong>visum</strong></span> 
     </span>
    </p>
   </div>
   <div class='ocr_carea' id='block_1_6' title="bbox 173 3614 1454 4014">
    <p class='ocr_par' dir='ltr' id='par_1_12' title="bbox 173 3614 1454 4014">
     <span class='ocr_line' id='line_1_21' title="bbox 174 3614 1283 3703; baseline 0.001 -17"><span class='ocrx_word' id='word_1_135' title='bbox 174 3618 244 3686; x_wconf 92' lang='lat' dir='ltr'><strong>Sed</strong></span> <span class='ocrx_word' id='word_1_136' title='bbox 266 3637 338 3685; x_wconf 90' lang='lat' dir='ltr'><strong>cum</strong></span> <span class='ocrx_word' id='word_1_137' title='bbox 359 3615 432 3683; x_wconf 81' lang='lat' dir='ltr'><strong>haec</strong></span> <span class='ocrx_word' id='word_1_138' title='bbox 454 3615 638 3702; x_wconf 78' lang='lat' dir='ltr'><strong>pestilentia</strong></span> <span class='ocrx_word' id='word_1_139' title='bbox 756 3614 798 3677; x_wconf 81' lang='lat'><strong>25</strong></span> <span class='ocrx_word' id='word_1_140' title='bbox 852 3619 900 3684; x_wconf 83' lang='lat' dir='ltr'><strong>&#39;l&#39;e</strong></span> <span class='ocrx_word' id='word_1_141' title='bbox 921 3638 1033 3703; x_wconf 86' lang='lat' dir='ltr'><strong>qnaeso</strong></span> <span class='ocrx_word' id='word_1_142' title='bbox 1056 3620 1132 3684; x_wconf 92' lang='lat' dir='ltr'><strong>mibi</strong></span> <span class='ocrx_word' id='word_1_143' title='bbox 1154 3623 1283 3688; x_wconf 89' lang='lat' dir='ltr'><strong>veniam</strong></span> 
     </span>
     <span class='ocr_line' id='line_1_22' title="bbox 217 3720 1235 3808; baseline 0 -20"><span class='ocrx_word' id='word_1_144' title='bbox 217 3725 347 3808; x_wconf 91' lang='lat' dir='ltr'><strong>plebem</strong></span> <span class='ocrx_word' id='word_1_145' title='bbox 369 3720 476 3788; x_wconf 90' lang='lat' dir='ltr'><strong>adbuc</strong></span> <span class='ocrx_word' id='word_1_146' title='bbox 496 3726 659 3802; x_wconf 83' lang='lat' dir='ltr'><strong>vastaret,</strong></span> <span class='ocrx_word' id='word_1_147' title='bbox 895 3728 930 3786; x_wconf 93' lang='lat' dir='ltr'><strong>et</strong></span> <span class='ocrx_word' id='word_1_148' title='bbox 951 3720 1062 3803; x_wconf 79' lang='lat' dir='ltr'><strong>lugam</strong></span> <span class='ocrx_word' id='word_1_149' title='bbox 1083 3722 1235 3788; x_wconf 87' lang='lat' dir='ltr'><strong>vitiorum</strong></span> 
     </span>
     <span class='ocr_line' id='line_1_23' title="bbox 173 3819 1231 3910; baseline -0.001 -17"><span class='ocrx_word' id='word_1_150' title='bbox 173 3832 211 3893; x_wconf 93' lang='lat' dir='ltr'><strong>ut</strong></span> <span class='ocrx_word' id='word_1_151' title='bbox 231 3825 327 3910; x_wconf 90' lang='lat' dir='ltr'><strong>plebs</strong></span> <span class='ocrx_word' id='word_1_152' title='bbox 341 3841 481 3908; x_wconf 70' lang='lat' dir='ltr'><strong>⁴precum</strong></span> <span class='ocrx_word' id='word_1_153' title='bbox 504 3819 657 3886; x_wconf 81' lang='lat' dir='ltr'><strong>instantia</strong></span> <span class='ocrx_word' id='word_1_154' title='bbox 852 3842 995 3909; x_wconf 85' lang='lat' dir='ltr'><strong>exposce</strong></span> <span class='ocrx_word' id='word_1_155' title='bbox 1018 3825 1071 3889; x_wconf 93' lang='lat' dir='ltr'><strong>dei</strong></span> <span class='ocrx_word' id='word_1_156' title='bbox 1093 3828 1231 3908; x_wconf 84' lang='lat' dir='ltr'><strong>gratiam</strong></span> 
     </span>
     <span class='ocr_line' id='line_1_24' title="bbox 216 3925 1454 4014; baseline -0.002 -20"><span class='ocrx_word' id='word_1_157' title='bbox 216 3927 395 3994; x_wconf 80' lang='lat' dir='ltr'><strong>ferventius</strong></span> <span class='ocrx_word' id='word_1_158' title='bbox 417 3932 542 4009; x_wconf 88' lang='lat' dir='ltr'><strong>oraret,</strong></span> <span class='ocrx_word' id='word_1_159' title='bbox 895 3937 928 3993; x_wconf 95' lang='lat' dir='ltr'><strong>et</strong></span> <span class='ocrx_word' id='word_1_160' title='bbox 950 3930 1076 4014; x_wconf 87' lang='lat' dir='ltr'><strong>copiam</strong></span> <span class='ocrx_word' id='word_1_161' title='bbox 1095 3929 1263 3997; x_wconf 83' lang='lat' dir='ltr'><strong>donormn.</strong></span> <span class='ocrx_word' id='word_1_162' title='bbox 1424 3925 1454 3992; x_wconf 85' lang='lat' dir='ltr'><strong>tt</strong></span> 
     </span>
    </p>
   </div>
   <div class='ocr_carea' id='block_1_7' title="bbox 125 4116 1346 4516">
    <p class='ocr_par' dir='ltr' id='par_1_13' title="bbox 125 4116 1346 4516">
     <span class='ocr_line' id='line_1_25' title="bbox 173 4116 1224 4205; baseline 0 -18"><span class='ocrx_word' id='word_1_163' title='bbox 173 4116 256 4187; x_wconf 75' lang='lat' dir='ltr'><strong>vum</strong></span> <span class='ocrx_word' id='word_1_164' title='bbox 277 4118 405 4185; x_wconf 87' lang='lat' dir='ltr'><strong>letaniis</strong></span> <span class='ocrx_word' id='word_1_165' title='bbox 427 4116 558 4182; x_wconf 84' lang='lat' dir='ltr'><strong>instruis</strong></span> <span class='ocrx_word' id='word_1_166' title='bbox 850 4117 897 4184; x_wconf 89' lang='lat' dir='ltr'><strong>&#39;l&#39;e</strong></span> <span class='ocrx_word' id='word_1_167' title='bbox 919 4119 1031 4203; x_wconf 79' lang='lat' dir='ltr'><strong>flagito</strong></span> <span class='ocrx_word' id='word_1_168' title='bbox 1054 4122 1224 4205; x_wconf 88' lang='lat' dir='ltr'><strong>attentius,</strong></span> 
     </span>
     <span class='ocr_line' id='line_1_26' title="bbox 125 4217 1277 4310; baseline -0.001 -17"><span class='ocrx_word' id='word_1_169' title='bbox 125 4289 127 4293; x_wconf 81' lang='grc'>,</span> <span class='ocrx_word' id='word_1_170' title='bbox 215 4224 297 4289; x_wconf 94' lang='lat' dir='ltr'><strong>cleri</strong></span> <span class='ocrx_word' id='word_1_171' title='bbox 318 4222 576 4308; x_wconf 89' lang='lat' dir='ltr'><strong>processionem,</strong></span> <span class='ocrx_word' id='word_1_172' title='bbox 754 4217 797 4282; x_wconf 85' lang='grc'><strong>30</strong></span> <span class='ocrx_word' id='word_1_173' title='bbox 892 4224 1095 4290; x_wconf 87' lang='lat' dir='ltr'><strong>sanctissime</strong></span> <span class='ocrx_word' id='word_1_174' title='bbox 1118 4225 1277 4310; x_wconf 73' lang='lat' dir='ltr'><strong>Gregori,</strong></span> 
     </span>
     <span class='ocr_line' id='line_1_27' title="bbox 173 4323 1230 4412; baseline 0.002 -21"><span class='ocrx_word' id='word_1_175' title='bbox 173 4327 221 4392; x_wconf 89' lang='lat' dir='ltr'><strong>sic</strong></span> <span class='ocrx_word' id='word_1_176' title='bbox 243 4327 394 4411; x_wconf 89' lang='lat' dir='ltr'><strong>precibus</strong></span> <span class='ocrx_word' id='word_1_177' title='bbox 416 4323 554 4389; x_wconf 85' lang='lat' dir='ltr'><strong>assiduis</strong></span> <span class='ocrx_word' id='word_1_178' title='bbox 849 4326 932 4390; x_wconf 90' lang='lat' dir='ltr'><strong>assis</strong></span> <span class='ocrx_word' id='word_1_179' title='bbox 954 4326 1030 4390; x_wconf 89' lang='lat' dir='ltr'><strong>mibi</strong></span> <span class='ocrx_word' id='word_1_180' title='bbox 1052 4328 1230 4412; x_wconf 90' lang='lat' dir='ltr'><strong>propitius,</strong></span> 
     </span>
     <span class='ocr_line' id='line_1_28' title="bbox 215 4426 1346 4516; baseline 0.005 -22"><span class='ocrx_word' id='word_1_181' title='bbox 215 4428 303 4495; x_wconf 82' lang='lat' dir='ltr'><strong>buno</strong></span> <span class='ocrx_word' id='word_1_182' title='bbox 324 4428 421 4492; x_wconf 89' lang='lat' dir='ltr'><strong>sedas</strong></span> <span class='ocrx_word' id='word_1_183' title='bbox 441 4426 634 4511; x_wconf 87' lang='lat' dir='ltr'><strong>passionem.</strong></span> <span class='ocrx_word' id='word_1_184' title='bbox 892 4428 967 4494; x_wconf 88' lang='lat' dir='ltr'><strong>dnm</strong></span> <span class='ocrx_word' id='word_1_185' title='bbox 985 4447 1036 4493; x_wconf 90' lang='lat' dir='ltr'><strong>me</strong></span> <span class='ocrx_word' id='word_1_186' title='bbox 1058 4432 1226 4514; x_wconf 76' lang='lat' dir='ltr'><strong>contingat</strong></span> <span class='ocrx_word' id='word_1_187' title='bbox 1247 4435 1346 4516; x_wconf 89' lang='lat' dir='ltr'><strong>mori,</strong></span> 
     </span>
    </p>
   </div>
   <div class='ocr_carea' id='block_1_8' title="bbox 168 4587 1470 4991">
    <p class='ocr_par' dir='ltr' id='par_1_14' title="bbox 171 4587 1453 4780">
     <span class='ocr_line' id='line_1_29' title="bbox 171 4587 1453 4660; baseline -0.002 0"><span class='ocrx_word' id='word_1_188' title='bbox 171 4593 244 4660; x_wconf 82' lang='lat' dir='ltr'><strong>Deo</strong></span> <span class='ocrx_word' id='word_1_189' title='bbox 266 4612 387 4659; x_wconf 84' lang='lat' dir='ltr'><strong>vacare</strong></span> <span class='ocrx_word' id='word_1_190' title='bbox 411 4590 538 4656; x_wconf 86' lang='lat' dir='ltr'><strong>inhians</strong></span> <span class='ocrx_word' id='word_1_191' title='bbox 847 4588 892 4657; x_wconf 80' lang='lat' dir='ltr'><strong>lit</strong></span> <span class='ocrx_word' id='word_1_192' title='bbox 913 4595 956 4659; x_wconf 91' lang='lat' dir='ltr'><strong>ab</strong></span> <span class='ocrx_word' id='word_1_193' title='bbox 979 4587 1103 4659; x_wconf 79' lang='lat' dir='ltr'><strong>aet&#39;erna</strong></span> <span class='ocrx_word' id='word_1_194' title='bbox 1124 4593 1229 4659; x_wconf 88' lang='lat' dir='ltr'><strong>libera</strong></span> <span class='ocrx_word' id='word_1_195' title='bbox 1421 4591 1453 4657; x_wconf 72' lang='lat' dir='ltr'><strong>st</strong></span> 
     </span>
     <span class='ocr_line' id='line_1_30' title="bbox 214 4690 1299 4780; baseline 0.002 -19"><span class='ocrx_word' id='word_1_196' title='bbox 214 4697 320 4762; x_wconf 84' lang='lat' dir='ltr'><strong>latere</strong></span> <span class='ocrx_word' id='word_1_197' title='bbox 342 4690 527 4775; x_wconf 87' lang='lat' dir='ltr'><strong>conabaris,</strong></span> <span class='ocrx_word' id='word_1_198' title='bbox 891 4715 943 4761; x_wconf 91' lang='lat' dir='ltr'><strong>me</strong></span> <span class='ocrx_word' id='word_1_199' title='bbox 966 4716 1064 4780; x_wconf 88' lang='lat' dir='ltr'><strong>poena</strong></span> <span class='ocrx_word' id='word_1_200' title='bbox 1085 4699 1299 4780; x_wconf 90' lang='lat' dir='ltr'><strong>reproborum</strong></span> 
     </span>
    </p>

    <p class='ocr_par' dir='ltr' id='par_1_15' title="bbox 168 4793 1470 4991">
     <span class='ocr_line' id='line_1_31' title="bbox 168 4793 1470 4888; baseline 0 -19"><span class='ocrx_word' id='word_1_201' title='bbox 168 4801 319 4871; x_wconf 86' lang='lat' dir='ltr'><strong>columna</strong></span> <span class='ocrx_word' id='word_1_202' title='bbox 340 4797 422 4862; x_wconf 89' lang='lat' dir='ltr'><strong>lucis</strong></span> <span class='ocrx_word' id='word_1_203' title='bbox 444 4794 576 4860; x_wconf 87' lang='lat' dir='ltr'><strong>radians</strong></span> <span class='ocrx_word' id='word_1_204' title='bbox 753 4793 795 4856; x_wconf 81' lang='lat'><strong>35</strong></span> <span class='ocrx_word' id='word_1_205' title='bbox 847 4806 882 4888; x_wconf 87' lang='lat' dir='ltr'><strong>et</strong></span> <span class='ocrx_word' id='word_1_206' title='bbox 902 4806 1008 4865; x_wconf 87' lang='lat' dir='ltr'><strong>tecum</strong></span> <span class='ocrx_word' id='word_1_207' title='bbox 1030 4799 1093 4865; x_wconf 92' lang='lat' dir='ltr'><strong>duc</strong></span> <span class='ocrx_word' id='word_1_208' title='bbox 1110 4807 1201 4865; x_wconf 79' lang='lat' dir='ltr'><strong>tram</strong></span> <span class='ocrx_word' id='word_1_209' title='bbox 1222 4801 1348 4869; x_wconf 71' lang='lat' dir='ltr'><strong>retbere</strong></span> <span class='ocrx_word' id='word_1_210' title='bbox 1468 4838 1470 4843; x_wconf 96' lang='lat'>·</span> 
     </span>
     <span class='ocr_line' id='line_1_32' title="bbox 212 4902 1282 4991; baseline -0.004 -19"><span class='ocrx_word' id='word_1_211' title='bbox 212 4914 248 4972; x_wconf 90' lang='lat' dir='ltr'><strong>te</strong></span> <span class='ocrx_word' id='word_1_212' title='bbox 269 4902 396 4991; x_wconf 90' lang='lat' dir='ltr'><strong>prodit,</strong></span> <span class='ocrx_word' id='word_1_213' title='bbox 418 4902 595 4968; x_wconf 82' lang='lat' dir='ltr'><strong>revocaris.</strong></span> <span class='ocrx_word' id='word_1_214' title='bbox 888 4903 923 4969; x_wconf 93' lang='lat' dir='ltr'><strong>in</strong></span> <span class='ocrx_word' id='word_1_215' title='bbox 945 4902 1065 4987; x_wconf 72' lang='lat' dir='ltr'><strong>gaudia</strong></span> <span class='ocrx_word' id='word_1_216' title='bbox 1087 4909 1282 4969; x_wconf 87' lang='lat' dir='ltr'><strong>sanctornm.</strong></span> 
     </span>
    </p>
   </div>
   <div class='ocr_carea' id='block_1_9' title="bbox 167 5058 1455 5223">
    <p class='ocr_par' dir='ltr' id='par_1_16' title="bbox 167 5058 1455 5223">
     <span class='ocr_line' id='line_1_33' title="bbox 255 5058 1455 5137; baseline -0.006 -14"><span class='ocrx_word' id='word_1_217' title='bbox 255 5064 461 5137; x_wconf 70' lang='lat' dir='ltr'><strong>Sumburger</strong></span> <span class='ocrx_word' id='word_1_218' title='bbox 473 5062 520 5119; x_wconf 77' lang='lat' dir='ltr'><strong>ils</strong></span> <span class='ocrx_word' id='word_1_219' title='bbox 538 5060 570 5116; x_wconf 79' lang='lat' dir='ltr'><strong>tt</strong></span> <span class='ocrx_word' id='word_1_220' title='bbox 587 5059 649 5116; x_wconf 78' lang='grc'><strong>010.</strong></span> <span class='ocrx_word' id='word_1_221' title='bbox 672 5058 716 5115; x_wconf 81' lang='lat' dir='ltr'><strong>BL</strong></span> <span class='ocrx_word' id='word_1_222' title='bbox 736 5060 795 5115; x_wconf 74' lang='lat'>1⁷².</span> <span class='ocrx_word' id='word_1_223' title='bbox 820 5059 873 5132; x_wconf 79' lang='grc'><strong>(8)</strong></span> <span class='ocrx_word' id='word_1_224' title='bbox 895 5060 952 5117; x_wconf 84' lang='lat' dir='ltr'><strong>und</strong></span> <span class='ocrx_word' id='word_1_225' title='bbox 973 5060 1165 5119; x_wconf 80' lang='lat' dir='ltr'><strong>lleiclreaauer</strong></span> <span class='ocrx_word' id='word_1_226' title='bbox 1187 5062 1332 5134; x_wconf 75' lang='lat' dir='ltr'><strong>Pap-ils</strong></span> <span class='ocrx_word' id='word_1_227' title='bbox 1355 5062 1406 5121; x_wconf 77' lang='lat' dir='ltr'><strong>lto</strong></span> <span class='ocrx_word' id='word_1_228' title='bbox 1420 5058 1455 5116; x_wconf 52' lang='lat' dir='ltr'>a</span> 
     </span>
     <span class='ocr_line' id='line_1_34' title="bbox 167 5144 1453 5223; baseline -0.006 -12"><span class='ocrx_word' id='word_1_229' title='bbox 167 5154 214 5214; x_wconf 81' lang='lat' dir='ltr'><strong>st</strong></span> <span class='ocrx_word' id='word_1_230' title='bbox 230 5155 281 5209; x_wconf 83' lang='grc'><strong>101</strong></span> <span class='ocrx_word' id='word_1_231' title='bbox 310 5152 368 5223; x_wconf 84' lang='grc'><strong>(11)</strong></span> <span class='ocrx_word' id='word_1_232' title='bbox 389 5150 440 5207; x_wconf 89' lang='lat' dir='ltr'><strong>des</strong></span> <span class='ocrx_word' id='word_1_233' title='bbox 458 5152 492 5205; x_wconf 81' lang='lat' dir='ltr'><strong>tt</strong></span> <span class='ocrx_word' id='word_1_234' title='bbox 508 5147 608 5207; x_wconf 76' lang='lat' dir='ltr'><strong>Jahrb.</strong></span> <span class='ocrx_word' id='word_1_235' title='bbox 632 5162 669 5202; x_wconf 84' lang='lat' dir='ltr'><strong>su</strong></span> <span class='ocrx_word' id='word_1_236' title='bbox 686 5145 851 5203; x_wconf 78' lang='lat' dir='ltr'><strong>ttmbmue</strong></span> <span class='ocrx_word' id='word_1_237' title='bbox 895 5148 944 5204; x_wconf 82' lang='lat' dir='ltr'><strong>lis.</strong></span> <span class='ocrx_word' id='word_1_238' title='bbox 971 5165 1006 5205; x_wconf 87' lang='lat' dir='ltr'><strong>su</strong></span> <span class='ocrx_word' id='word_1_239' title='bbox 1033 5149 1171 5207; x_wconf 73' lang='lat' dir='ltr'><strong>Hincbsn</strong></span> <span class='ocrx_word' id='word_1_240' title='bbox 1195 5149 1266 5207; x_wconf 77' lang='lat' dir='ltr'><strong>clm.</strong></span> <span class='ocrx_word' id='word_1_241' title='bbox 1283 5152 1363 5206; x_wconf 74' lang='lat'><strong>³⁰12</strong></span> <span class='ocrx_word' id='word_1_242' title='bbox 1387 5144 1453 5205; x_wconf 84' lang='lat' dir='ltr'><strong>ttt</strong></span> 
     </span>
    </p>
   </div>
   <div class='ocr_carea' id='block_1_10' title="bbox 76 5229 1492 5389">
    <p class='ocr_par' dir='ltr' id='par_1_17' title="bbox 76 5229 1492 5389">
     <span class='ocr_line' id='line_1_35' title="bbox 76 5229 1492 5389; baseline 0.008 -103"><span class='ocrx_word' id='word_1_243' title='bbox 76 5229 78 5286; x_wconf 80' lang='grc' dir='ltr'>ζ</span> <span class='ocrx_word' id='word_1_244' title='bbox 164 5237 513 5389; x_wconf 44' lang='lat' dir='ltr'><strong>wfflfflullon</strong></span> <span class='ocrx_word' id='word_1_245' title='bbox 530 5236 593 5295; x_wconf 81' lang='lat' dir='ltr'><strong>den</strong></span> <span class='ocrx_word' id='word_1_246' title='bbox 609 5233 695 5293; x_wconf 81' lang='lat' dir='ltr'><strong>Prior</strong></span> <span class='ocrx_word' id='word_1_247' title='bbox 712 5234 825 5297; x_wconf 67' lang='lat' dir='ltr'><strong>zonat</strong></span> <span class='ocrx_word' id='word_1_248' title='bbox 846 5249 906 5293; x_wconf 83' lang='lat' dir='ltr'><strong>von</strong></span> <span class='ocrx_word' id='word_1_249' title='bbox 923 5235 1056 5310; x_wconf 64' lang='grc' dir='ltr'><strong>01ιωί113,</strong></span> <span class='ocrx_word' id='word_1_250' title='bbox 1091 5241 1175 5294; x_wconf 85' lang='lat' dir='ltr'><strong>untcr</strong></span> <span class='ocrx_word' id='word_1_251' title='bbox 1192 5236 1302 5313; x_wconf 21' lang='lat' dir='ltr'><strong>‘duur</strong></span> <span class='ocrx_word' id='word_1_252' title='bbox 1320 5234 1456 5298; x_wconf 60' lang='lat' dir='ltr'><em>W</em></span> <span class='ocrx_word' id='word_1_253' title='bbox 1490 5298 1492 5351; x_wconf 19' lang='grc' dir='ltr'>ἴ</span> 
     </span>
    </p>
   </div>
   <div class='ocr_carea' id='block_1_11' title="bbox 0 0 1630 6517">
    <p class='ocr_par' dir='ltr' id='par_1_18' title="bbox 0 0 1630 6517">
     <span class='ocr_line' id='line_1_36' title="bbox 0 0 1630 6517; baseline 0 4"><span class='ocrx_word' id='word_1_254' title='bbox 0 0 1630 6517; x_wconf 95' lang='lat' dir='ltr'><strong> </strong></span> 
     </span>
    </p>
   </div>
  </div>
 </body>
</html>
