3250 6517
170 949 192 1012 2

169 1134 332 1202 Ocelornm
355 1136 457 1200 omnis
480 1133 628 1218 spiritus,

168 1257 285 1305 novem
309 1238 402 1303 divisi
425 1237 597 1322 gradihus,

168 1339 222 1407 dei
243 1348 424 1424 praeseutes
447 1339 603 1418 vultibus,

168 1444 248 1507 meis
270 1443 379 1507 favete
403 1443 546 1507 vocibus.

170 1619 276 1686 Senes
299 1622 414 1702 viginti
439 1629 591 1702 quatuor,

168 1723 242 1788 haec
265 1723 390 1804 offerte,
415 1742 487 1804 quae
510 1721 684 1804 deprecor,

169 1826 225 1908 qui
250 1824 382 1890 citharis
405 1832 437 1887 et
460 1823 576 1907 phialis

170 1928 334 1993 orationes
356 1925 496 1991 tunditis.

167 2106 430 2196 Patriarcharum
454 2107 609 2190 dignitas,

168 2207 401 2291 prophetarum
424 2208 614 2284 sublimitas,

168 2310 271 2372 vestri
293 2310 382 2391 regis
395 2309 589 2391 ‘praesentiae

169 2417 273 2479 verba
295 2418 459 2499 precantis
481 2415 605 2480 solvite.

168 2592 336 2658 «lohannes
360 2595 480 2660 Christi
501 2597 660 2679 praevius,

171 2696 313 2778 baptista
335 2699 424 2782 regis
447 2699 602 2781 inclytus,

168 2797 301 2881 festina,
324 2821 365 2866 ne
389 2800 585 2884 tardaveris,

169 2901 275 2967 labem
298 2903 411 2968 se'care
435 2906 587 2969 vulneris.

168 3082 269 3160 Quem
292 3086 401 3148 matris
425 3087 551 3150 clausus
573 3094 665 3151 utero

168 3193 256 3250 motu
278 3187 391 3269 prodis
414 3205 591 3277 corporeo,

168 3307 263 3371 quem
286 3288 512 3355 demonstrasti
534 3291 654 3374 digito,

167 3387 221 3454 fac
243 3373 415 3486 subvenire
438 3390 563 3455 misero.

169 3568 319 3634 Goelestis
343 3573 435 3654 regui
457 3572 620 3655 claviger,

169 3671 391 3756 apostolorum
402 3661 403 3665 ¹
415 3673 566 3755 signifer,

168 3773 284 3854 Petre,
307 3775 429 3856 primus
451 3776 484 3840 iu
507 3776 638 3859 ordine,

167 3866 374 3957 fragihtatem
398 3879 518 3962 aspice.

166 4053 233 4120 Per
250 4063 283 4119 te
306 4074 396 4119 meus
417 4065 474 4121 tua
491 4056 618 4139 videat,

167 4156 244 4240 quid
267 4176 339 4222 sors
362 4158 501 4225 humana
522 4162 645 4242 valeat,

165 4267 200 4326 ct
221 4261 296 4325 dum
318 4264 362 4326 tui
384 4266 581 4347 memineris,

166 4363 326 4425 memento
351 4364 447 4428 cashs
470 4363 615 4430 hominis.

89 4602 93 4608 Ι
166 4521 214 4587 'l'e
232 4530 387 4606 poscente
410 4524 613 4590 clementiam

166 4624 320 4689 extendet
342 4624 418 4689 mihi
440 4624 625 4708 dexteram,

166 4726 221 4809 qui
243 4732 275 4789 te
299 4725 467 4808 suspendit
488 4725 633 4810 llumine,

165 4827 240 4892 dum
263 4828 320 4893 tibi
343 4827 437 4892 dixit:
462 4827 650 4915 ,modioe“l

163 4987 266 5057 Solve
288 4992 398 5056 reetds
422 4994 550 5059 vincula
641 5053 643 5057 .

163 5096 206 5159 ab
230 5094 293 5160 hoo
316 5094 392 5159 data
413 5097 575 5180 poteudd,

165 5215 259 5279 quem
281 5202 416 5283 verbum
438 5200 491 5265 dei
513 5204 674 5286 nominas,

165 5317 187 5363 a
208 5318 272 5384 qno
294 5303 422 5368 vocaris
444 5311 477 5368 et
500 5301 639 5389 Cephea.

843 1127 960 1210 Paule,
983 1136 1018 1192 tu
1040 1128 1154 1193 doctor
1177 1130 1319 1210 gentium

845 1238 878 1294 et
900 1229 1019 1293 Christi
1042 1231 1274 1310 testimonium,

845 1333 898 1415 qni
922 1333 980 1396 toti
1003 1332 1121 1396 mundo
1143 1332 1319 1416 praedicas,

844 1454 938 1519 opem
961 1437 1109 1501 conlerre
1133 1436 1273 1501 studeas

843 1600 1098 1697 Johames,''dei
1120 1617 1242 1697 gratia,

844 1719 969 1783 subtilis
993 1720 1082 1782 velut
1104 1719 1230 1800 aquila,

843 1821 915 1904 ipso
938 1840 987 1883 me
1010 1821 1099 1883 fonto
1122 1821 1218 1900 satia,

844 1923 937 2007 cujus
958 1925 1079 2007 potasti
1101 1922 1238 1987 ssumina.

844 2101 906 2177 Qui
927 2102 983 2163 tihi
1007 2108 1139 2163 matrem
1164 2101 1267 2164 sociat

844 2212 878 2267 et
900 2204 974 2267 coeli
997 2203 1106 2269 clausa
1129 2211 1270 2282 reserat,

843 2326 925 2370 meae
948 2313 1062 2389 parcat
1080 2307 1232 2386 miseriae,

844 2410 889 2474 tui
911 2412 1064 2492 precatds
1086 2429 1227 2474 munere.

843 2589 1076 2673 Apostolorum
1099 2592 1216 2671 ceteri,

844 2694 1057 2776 evangelistae
1080 2694 1163 2775 alii,

844 2796 1070 2879 discipulorum
1095 2795 1239 2877 agmina,

844 2898 915 2964 haec
931 2899 1045 2982 juvate
1068 2901 1262 2983 precamina.

843 3078 912 3144 Vos
935 3081 1123 3144 innocentes
1140 3081 1247 3163 pueri,

843 3184 898 3266 qui
919 3170 1128 3267 pro'onristo
1152 3185 1356 3265 truncamini,

843 3295 954 3353 vestra
977 3274 1059 3352 date
1075 3287 1235 3370 subsidia,

844 3392 898 3472 qui
922 3391 1081 3455 clamatis:
1107 3409 1186 3474 „nos
1209 3387 1380 3456 vindica!“

844 3571 871 3635 0
893 3580 1113 3654 protomartyr
1132 3569 1313 3655 Stephane,

845 3682 879 3738 tu
901 3676 1023 3757 primns
1045 3676 1077 3737 iu
1099 3677 1292 3757 certamine,

843 3778 951 3842 haeres
974 3779 1094 3852 sacrati
1115 3779 1266 3860 nominis,

844 3878 958 3943 adesto
982 3878 1159 3955 desideriis.

843 4056 949 4141 Caput
973 4056 1075 4120 nudas
1098 4058 1276 4141 lapidibus,

842 4160 916 4223 coeli
939 4167 1030 4242 patet
1052 4160 1217 4239 introitus,

841 4262 955 4328 desum
977 4270 1115 4328 stantem
1137 4261 1342 4347 consideras,

843 4382 976 4429 securus
999 4364 1110 4446 hostes
1134 4365 1271 4448 toleres,

842 4526 950 4591 Oresti
971 4529 1064 4592 flexis
1086 4531 1224 4611 genibus

841 4649 902 4714 pro
924 4632 1058 4697 inimicis
1080 4651 1233 4715 cernuus,

841 4751 903 4816 pro
925 4736 1127 4819 supplicante
1150 4738 1281 4801 servulo

841 4836 1023 4917 intercede,
1047 4846 1079 4901 te
1101 4839 1241 4921 postulo.

842 4997 891 5064 Tu
912 5007 1036 5082 martyr
1057 4998 1281 5082 invictissime,

745 5105 787 5168 90
843 5101 986 5183 Albaue,
1008 5102 1060 5164 vir
1077 5101 1255 5184 mitissime,

839 5209 913 5292 pius
936 5207 1051 5272 adesto
1073 5208 1205 5272 servulo

841 5320 874 5376 te
897 5311 1086 5395 deprecanti
1108 5309 1232 5377 sedulo.
