<?xml version="1.0" encoding="UTF-8"?>
<!DOCTYPE html PUBLIC "-//W3C//DTD XHTML 1.0 Transitional//EN"
    "http://www.w3.org/TR/xhtml1/DTD/xhtml1-transitional.dtd">
<html xmlns="http://www.w3.org/1999/xhtml" xml:lang="en" lang="en">
 <head>
  <title>
</title>
<meta http-equiv="Content-Type" content="text/html;charset=utf-8" />
  <meta name='ocr-system' content='tesseract 3.04.00' />
  <meta name='ocr-capabilities' content='ocr_page ocr_carea ocr_par ocr_line ocrx_word'/>
</head>
<body>
  <div class='ocr_page' id='page_1' title='image "./lateinischehymn00monegoog/lateinischehymn00monegoog_0146.png"; bbox 0 0 3250 6517; ppageno 0'>
   <div class='ocr_carea' id='block_1_1' title="bbox 275 1128 1209 1202">
    <p class='ocr_par' dir='ltr' id='par_1_1' title="bbox 275 1128 1209 1202">
     <span class='ocr_line' id='line_1_1' title="bbox 275 1128 1209 1202; baseline 0.003 -18"><span class='ocrx_word' id='word_1_1' title='bbox 275 1128 312 1184; x_wconf 82' lang='lat' dir='ltr'><strong>&#39;ud</strong></span> <span class='ocrx_word' id='word_1_2' title='bbox 327 1141 464 1198; x_wconf 72' lang='grc' dir='ltr'><strong><em>οοορονοο,</em></strong></span> <span class='ocrx_word' id='word_1_3' title='bbox 483 1129 632 1198; x_wconf 68' lang='grc' dir='ltr'><strong>ωϋρλοοο</strong></span> <span class='ocrx_word' id='word_1_4' title='bbox 859 1129 928 1186; x_wconf 85' lang='lat' dir='ltr'><strong>vivo</strong></span> <span class='ocrx_word' id='word_1_5' title='bbox 946 1131 1035 1187; x_wconf 87' lang='lat' dir='ltr'><strong>verbo</strong></span> <span class='ocrx_word' id='word_1_6' title='bbox 1054 1129 1209 1202; x_wconf 73' lang='lat' dir='ltr'><strong>inspiratur</strong></span> 
     </span>
    </p>
   </div>
   <div class='ocr_carea' id='block_1_2' title="bbox 164 1218 1364 1846">
    <p class='ocr_par' dir='ltr' id='par_1_2' title="bbox 164 1218 1364 1846">
     <span class='ocr_line' id='line_1_2' title="bbox 165 1218 1301 1319; baseline 0.006 -50"><span class='ocrx_word' id='word_1_7' title='bbox 165 1246 274 1305; x_wconf 52' lang='lat' dir='ltr'><strong>findo</strong></span> <span class='ocrx_word' id='word_1_8' title='bbox 293 1249 360 1303; x_wconf 55' lang='lat' dir='ltr'><strong>di„</strong></span> <span class='ocrx_word' id='word_1_9' title='bbox 377 1247 459 1305; x_wconf 57' lang='lat' dir='ltr'>„dix</span> <span class='ocrx_word' id='word_1_10' title='bbox 476 1249 604 1319; x_wconf 47' lang='lat' dir='ltr'><strong>mitia,</strong></span> <span class='ocrx_word' id='word_1_11' title='bbox 894 1218 1024 1273; x_wconf 82' lang='lat' dir='ltr'><strong>cmlihmn</strong></span> <span class='ocrx_word' id='word_1_12' title='bbox 1043 1222 1108 1273; x_wconf 89' lang='lat' dir='ltr'><strong>tunc</strong></span> <span class='ocrx_word' id='word_1_13' title='bbox 1126 1222 1301 1292; x_wconf 85' lang='lat' dir='ltr'><strong>constantis,</strong></span> 
     </span>
     <span class='ocr_line' id='line_1_3' title="bbox 164 1303 1294 1408; baseline 0.009 -18"><span class='ocrx_word' id='word_1_14' title='bbox 164 1337 250 1391; x_wconf 62' lang='lat' dir='ltr'><strong>uati</strong></span> <span class='ocrx_word' id='word_1_15' title='bbox 267 1336 339 1390; x_wconf 82' lang='lat' dir='ltr'><strong>rami</strong></span> <span class='ocrx_word' id='word_1_16' title='bbox 357 1335 428 1391; x_wconf 87' lang='lat' dir='ltr'><strong>dans</strong></span> <span class='ocrx_word' id='word_1_17' title='bbox 446 1336 530 1391; x_wconf 84' lang='lat' dir='ltr'><strong>uobis</strong></span> <span class='ocrx_word' id='word_1_18' title='bbox 547 1337 667 1408; x_wconf 83' lang='lat' dir='ltr'><strong>gaudia,</strong></span> <span class='ocrx_word' id='word_1_19' title='bbox 857 1303 953 1403; x_wconf 38' lang='lat'><strong>⁸³3⁰?</strong></span> <span class='ocrx_word' id='word_1_20' title='bbox 973 1304 1087 1403; x_wconf 29' lang='lat' dir='ltr'><strong>cirini)</strong></span> <span class='ocrx_word' id='word_1_21' title='bbox 1106 1304 1294 1404; x_wconf 45' lang='lat' dir='ltr'><strong>demmin</strong></span> 
     </span>
     <span class='ocr_line' id='line_1_4' title="bbox 168 1391 1175 1494; baseline 0.005 -18"><span class='ocrx_word' id='word_1_22' title='bbox 168 1423 268 1494; x_wconf 80' lang='lat' dir='ltr'><strong>magis</strong></span> <span class='ocrx_word' id='word_1_23' title='bbox 285 1428 381 1477; x_wconf 68' lang='lat' dir='ltr'><strong>umen</strong></span> <span class='ocrx_word' id='word_1_24' title='bbox 399 1423 517 1494; x_wconf 86' lang='lat' dir='ltr'><strong>plaudet</strong></span> <span class='ocrx_word' id='word_1_25' title='bbox 534 1423 657 1479; x_wconf 77' lang='lat' dir='ltr'><strong>ecclesis</strong></span> <span class='ocrx_word' id='word_1_26' title='bbox 892 1407 1011 1462; x_wconf 60' lang='lat' dir='ltr'><strong>mm</strong></span> <span class='ocrx_word' id='word_1_27' title='bbox 1029 1391 1175 1463; x_wconf 61' lang='lat' dir='ltr'><strong>EWW&#39;</strong></span> 
     </span>
     <span class='ocr_line' id='line_1_5' title="bbox 171 1511 1179 1586; baseline 0.007 -24"><span class='ocrx_word' id='word_1_28' title='bbox 171 1511 303 1581; x_wconf 83' lang='lat' dir='ltr'><strong>apostoli</strong></span> <span class='ocrx_word' id='word_1_29' title='bbox 320 1511 421 1567; x_wconf 75' lang='lat' dir='ltr'><strong>dotata</strong></span> <span class='ocrx_word' id='word_1_30' title='bbox 437 1511 535 1582; x_wconf 73' lang='lat' dir='ltr'><strong>gloria</strong></span> <span class='ocrx_word' id='word_1_31' title='bbox 1173 1574 1179 1586; x_wconf 53' lang='grc'><em>,</em></span> 
     </span>
     <span class='ocr_line' id='line_1_6' title="bbox 174 1570 1233 1669; baseline 0.003 -17"><span class='ocrx_word' id='word_1_32' title='bbox 174 1593 303 1653; x_wconf 70' lang='grc' dir='ltr'><strong>Ιιῑῑοεοί</strong></span> <span class='ocrx_word' id='word_1_33' title='bbox 320 1596 468 1669; x_wconf 77' lang='lat' dir='ltr'><strong>mguantis</strong></span> <span class='ocrx_word' id='word_1_34' title='bbox 482 1597 513 1651; x_wconf 90' lang='lat' dir='ltr'><strong>iu</strong></span> <span class='ocrx_word' id='word_1_35' title='bbox 530 1597 632 1667; x_wconf 78' lang='lat' dir='ltr'><strong>patria</strong></span> <span class='ocrx_word' id='word_1_36' title='bbox 1037 1570 1075 1625; x_wconf 59' lang='lat' dir='ltr'><strong>“d</strong></span> <span class='ocrx_word' id='word_1_37' title='bbox 1090 1574 1233 1626; x_wconf 55' lang='lat' dir='ltr'><em>mamm·</em></span> 
     </span>
     <span class='ocr_line' id='line_1_7' title="bbox 502 1684 1364 1758; baseline 0.006 -17"><span class='ocrx_word' id='word_1_38' title='bbox 502 1745 509 1758; x_wconf 34' lang='grc' dir='ltr'><strong><em>ο</em></strong></span> <span class='ocrx_word' id='word_1_39' title='bbox 554 1716 557 1722; x_wconf 56' lang='lat'><em>2</em></span> <span class='ocrx_word' id='word_1_40' title='bbox 856 1684 1007 1743; x_wconf 77' lang='lat' dir='ltr'><strong>Transfert</strong></span> <span class='ocrx_word' id='word_1_41' title='bbox 1024 1688 1071 1742; x_wconf 88' lang='lat' dir='ltr'><strong>dei</strong></span> <span class='ocrx_word' id='word_1_42' title='bbox 1089 1689 1126 1744; x_wconf 87' lang='lat' dir='ltr'><strong>ad</strong></span> <span class='ocrx_word' id='word_1_43' title='bbox 1142 1690 1258 1745; x_wconf 84' lang='lat' dir='ltr'><strong>llauros</strong></span> <span class='ocrx_word' id='word_1_44' title='bbox 1277 1687 1364 1746; x_wconf 86' lang='lat' dir='ltr'><strong>lilium</strong></span> 
     </span>
     <span class='ocr_line' id='line_1_8' title="bbox 355 1757 1333 1846; baseline 0.006 -22"><span class='ocrx_word' id='word_1_45' title='bbox 355 1757 558 1814; x_wconf 56' lang='lat' dir='ltr'><strong>&#39;mmm</strong></span> <span class='ocrx_word' id='word_1_46' title='bbox 858 1773 1007 1828; x_wconf 75' lang='lat' dir='ltr'><strong>Matthaeus</strong></span> <span class='ocrx_word' id='word_1_47' title='bbox 1026 1773 1096 1829; x_wconf 87' lang='lat' dir='ltr'><strong>dans</strong></span> <span class='ocrx_word' id='word_1_48' title='bbox 1114 1775 1155 1829; x_wconf 90' lang='lat' dir='ltr'><strong>eis</strong></span> <span class='ocrx_word' id='word_1_49' title='bbox 1173 1776 1333 1846; x_wconf 86' lang='lat' dir='ltr'><strong>consilium,</strong></span> 
     </span>
    </p>
   </div>
   <div class='ocr_carea' id='block_1_3' title="bbox 186 1859 1349 2032">
    <p class='ocr_par' dir='ltr' id='par_1_3' title="bbox 186 1859 1349 2032">
     <span class='ocr_line' id='line_1_9' title="bbox 186 1859 1343 1934; baseline -0.003 -14"><span class='ocrx_word' id='word_1_50' title='bbox 186 1865 244 1922; x_wconf 86' lang='lat' dir='ltr'><strong>bum</strong></span> <span class='ocrx_word' id='word_1_51' title='bbox 260 1867 414 1923; x_wconf 81' lang='lat' dir='ltr'><strong>llatthaeus</strong></span> <span class='ocrx_word' id='word_1_52' title='bbox 433 1864 575 1920; x_wconf 76' lang='lat' dir='ltr'><strong>Christum</strong></span> <span class='ocrx_word' id='word_1_53' title='bbox 592 1861 684 1934; x_wconf 81' lang='lat' dir='ltr'><strong>satur,</strong></span> <span class='ocrx_word' id='word_1_54' title='bbox 856 1864 889 1914; x_wconf 90' lang='lat' dir='ltr'><strong>ut</strong></span> <span class='ocrx_word' id='word_1_55' title='bbox 906 1859 1054 1916; x_wconf 87' lang='lat' dir='ltr'><strong>credentes</strong></span> <span class='ocrx_word' id='word_1_56' title='bbox 1072 1868 1138 1931; x_wconf 90' lang='lat' dir='ltr'><strong>post</strong></span> <span class='ocrx_word' id='word_1_57' title='bbox 1157 1862 1212 1917; x_wconf 89' lang='lat' dir='ltr'><strong>hoc</strong></span> <span class='ocrx_word' id='word_1_58' title='bbox 1229 1863 1343 1917; x_wconf 86' lang='lat' dir='ltr'><strong>exilium</strong></span> 
     </span>
     <span class='ocr_line' id='line_1_10' title="bbox 211 1948 1349 2032; baseline -0.005 -22"><span class='ocrx_word' id='word_1_59' title='bbox 211 1956 376 2010; x_wconf 73' lang='lat' dir='ltr'><strong>murorum</strong></span> <span class='ocrx_word' id='word_1_60' title='bbox 393 1953 473 2024; x_wconf 79' lang='lat' dir='ltr'><strong>regis</strong></span> <span class='ocrx_word' id='word_1_61' title='bbox 489 1948 551 2007; x_wconf 84' lang='lat' dir='ltr'><strong>filia</strong></span> <span class='ocrx_word' id='word_1_62' title='bbox 858 1948 992 2019; x_wconf 91' lang='lat' dir='ltr'><strong>triumphi</strong></span> <span class='ocrx_word' id='word_1_63' title='bbox 1009 1949 1163 2020; x_wconf 78' lang='lat' dir='ltr'><strong>suscipiant</strong></span> <span class='ocrx_word' id='word_1_64' title='bbox 1180 1949 1278 2003; x_wconf 84' lang='lat' dir='ltr'><strong>lilium</strong></span> <span class='ocrx_word' id='word_1_65' title='bbox 1296 1954 1349 2032; x_wconf 75' lang='lat' dir='ltr'><strong>etc.</strong></span> 
     </span>
    </p>
   </div>
   <div class='ocr_carea' id='block_1_4' title="bbox 168 2086 1447 2342">
    <p class='ocr_par' dir='ltr' id='par_1_4' title="bbox 168 2086 1447 2342">
     <span class='ocr_line' id='line_1_11' title="bbox 229 2086 1446 2167; baseline -0.002 -18"><span class='ocrx_word' id='word_1_66' title='bbox 229 2095 262 2149; x_wconf 82' lang='lat' dir='ltr'><strong>V.</strong></span> <span class='ocrx_word' id='word_1_67' title='bbox 280 2095 361 2148; x_wconf 77' lang='lat'>1-3.</span> <span class='ocrx_word' id='word_1_68' title='bbox 385 2091 451 2156; x_wconf 72' lang='lat' dir='ltr'><strong>scira</strong></span> <span class='ocrx_word' id='word_1_69' title='bbox 465 2091 533 2155; x_wconf 72' lang='grc' dir='ltr'><strong>σούς</strong></span> <span class='ocrx_word' id='word_1_70' title='bbox 546 2088 727 2158; x_wconf 71' lang='grc' dir='ltr'><strong>ἀποστόλους,</strong></span> <span class='ocrx_word' id='word_1_71' title='bbox 743 2091 818 2148; x_wconf 74' lang='grc' dir='ltr'><strong>θεοῦ</strong></span> <span class='ocrx_word' id='word_1_72' title='bbox 831 2089 902 2167; x_wconf 76' lang='lat' dir='ltr'><strong>ldya,</strong></span> <span class='ocrx_word' id='word_1_73' title='bbox 916 2087 1063 2165; x_wconf 75' lang='grc' dir='ltr'><strong><em>φωοτῆρας</em></strong></span> <span class='ocrx_word' id='word_1_74' title='bbox 1077 2086 1304 2160; x_wconf 73' lang='grc' dir='ltr'><strong>ἀνέδοιξαςζωῆς.</strong></span> <span class='ocrx_word' id='word_1_75' title='bbox 1322 2091 1446 2147; x_wconf 67' lang='grc' dir='ltr'><strong>Νοιίθ.</strong></span> 
     </span>
     <span class='ocr_line' id='line_1_12' title="bbox 229 2175 1447 2252; baseline 0.002 -19"><span class='ocrx_word' id='word_1_76' title='bbox 229 2180 260 2235; x_wconf 87' lang='lat' dir='ltr'><strong>V.</strong></span> <span class='ocrx_word' id='word_1_77' title='bbox 279 2182 305 2235; x_wconf 80' lang='lat'><strong>9.</strong></span> <span class='ocrx_word' id='word_1_78' title='bbox 325 2181 370 2234; x_wconf 83' lang='lat'><strong>1⁰.</strong></span> <span class='ocrx_word' id='word_1_79' title='bbox 396 2178 430 2252; x_wconf 77' lang='grc' dir='ltr'><strong>τῇ</strong></span> <span class='ocrx_word' id='word_1_80' title='bbox 447 2177 483 2251; x_wconf 75' lang='grc' dir='ltr'><strong>σῇ</strong></span> <span class='ocrx_word' id='word_1_81' title='bbox 500 2179 679 2240; x_wconf 75' lang='grc' dir='ltr'><strong><em>καθοπλίσας</em></strong></span> <span class='ocrx_word' id='word_1_82' title='bbox 698 2183 850 2248; x_wconf 72' lang='grc' dir='ltr'><strong><em>παντουχίᾳ</em></strong></span> <span class='ocrx_word' id='word_1_83' title='bbox 865 2180 1027 2244; x_wconf 69' lang='lat' dir='ltr'><strong>Mandalos,</strong></span> <span class='ocrx_word' id='word_1_84' title='bbox 1045 2175 1151 2252; x_wconf 67' lang='grc' dir='ltr'><strong><em>σωτὴρ,</em></strong></span> <span class='ocrx_word' id='word_1_85' title='bbox 1169 2176 1308 2252; x_wconf 77' lang='grc' dir='ltr'><strong>τυράννων</strong></span> <span class='ocrx_word' id='word_1_86' title='bbox 1325 2176 1447 2235; x_wconf 75' lang='grc' dir='ltr'><strong>δυνατοί-</strong></span> 
     </span>
     <span class='ocr_line' id='line_1_13' title="bbox 168 2263 463 2342; baseline 0.01 -27"><span class='ocrx_word' id='word_1_87' title='bbox 168 2281 222 2340; x_wconf 73' lang='lat' dir='ltr'><strong>rrpnr</strong></span> <span class='ocrx_word' id='word_1_88' title='bbox 237 2263 368 2342; x_wconf 60' lang='grc' dir='ltr'><strong>εἰργάσω.</strong></span> <span class='ocrx_word' id='word_1_89' title='bbox 393 2264 463 2320; x_wconf 86' lang='lat' dir='ltr'><strong>lbid.</strong></span> 
     </span>
    </p>
   </div>
   <div class='ocr_carea' id='block_1_5' title="bbox 223 2569 1371 2670">
    <p class='ocr_par' dir='ltr' id='par_1_5' title="bbox 223 2569 1371 2670">
     <span class='ocr_line' id='line_1_14' title="bbox 223 2569 1371 2670; baseline -0.003 -22"><span class='ocrx_word' id='word_1_90' title='bbox 223 2575 308 2667; x_wconf 67' lang='lat'><strong>⁷23.</strong></span> <span class='ocrx_word' id='word_1_91' title='bbox 348 2572 507 2647; x_wconf 83' lang='lat' dir='ltr'><strong>Simonis</strong></span> <span class='ocrx_word' id='word_1_92' title='bbox 533 2571 701 2648; x_wconf 84' lang='lat' dir='ltr'><strong>Cananaei</strong></span> <span class='ocrx_word' id='word_1_93' title='bbox 730 2583 765 2645; x_wconf 86' lang='lat' dir='ltr'><strong>ct</strong></span> <span class='ocrx_word' id='word_1_94' title='bbox 790 2570 898 2645; x_wconf 74' lang='lat' dir='ltr'><strong>«Iudae</strong></span> <span class='ocrx_word' id='word_1_95' title='bbox 922 2569 1096 2644; x_wconf 83' lang='lat' dir='ltr'><strong>Thaddaei</strong></span> <span class='ocrx_word' id='word_1_96' title='bbox 1122 2572 1371 2670; x_wconf 88' lang='lat' dir='ltr'><strong>apostolorum.</strong></span> 
     </span>
    </p>
   </div>
   <div class='ocr_carea' id='block_1_6' title="bbox 163 2767 1446 3560">
    <p class='ocr_par' dir='ltr' id='par_1_6' title="bbox 163 2767 1446 3560">
     <span class='ocr_line' id='line_1_15' title="bbox 164 2767 1444 2863; baseline -0.002 -22"><span class='ocrx_word' id='word_1_97' title='bbox 164 2767 377 2842; x_wconf 69' lang='lat' dir='ltr'><strong>chresimon</strong></span> <span class='ocrx_word' id='word_1_98' title='bbox 400 2773 581 2863; x_wconf 77' lang='lat' dir='ltr'><strong>(lananaee,</strong></span> <span class='ocrx_word' id='word_1_99' title='bbox 818 2773 1009 2857; x_wconf 79' lang='lat' dir='ltr'><strong>Effogastis,</strong></span> <span class='ocrx_word' id='word_1_100' title='bbox 1033 2791 1114 2855; x_wconf 88' lang='lat' dir='ltr'><strong>quos</strong></span> <span class='ocrx_word' id='word_1_101' title='bbox 1137 2782 1308 2858; x_wconf 78' lang='lat' dir='ltr'><strong>serpentes</strong></span> <span class='ocrx_word' id='word_1_102' title='bbox 1401 2775 1444 2838; x_wconf 78' lang='lat'><strong>25</strong></span> 
     </span>
     <span class='ocr_line' id='line_1_16' title="bbox 192 2876 1280 2962; baseline -0.003 -19"><span class='ocrx_word' id='word_1_103' title='bbox 192 2897 278 2961; x_wconf 85' lang='lat' dir='ltr'><strong>quem</strong></span> <span class='ocrx_word' id='word_1_104' title='bbox 301 2878 404 2962; x_wconf 79' lang='lat' dir='ltr'><strong>elegit</strong></span> <span class='ocrx_word' id='word_1_105' title='bbox 425 2877 588 2960; x_wconf 84' lang='lat' dir='ltr'><strong>dominus,</strong></span> <span class='ocrx_word' id='word_1_106' title='bbox 858 2877 954 2962; x_wconf 82' lang='lat' dir='ltr'><strong>jussu</strong></span> <span class='ocrx_word' id='word_1_107' title='bbox 975 2882 1089 2939; x_wconf 87' lang='lat' dir='ltr'><strong>vestro</strong></span> <span class='ocrx_word' id='word_1_108' title='bbox 1110 2876 1280 2959; x_wconf 83' lang='lat' dir='ltr'><strong>laeserant,</strong></span> 
     </span>
     <span class='ocr_line' id='line_1_17' title="bbox 163 2977 1232 3062; baseline -0.003 -18"><span class='ocrx_word' id='word_1_109' title='bbox 163 2980 235 3046; x_wconf 83' lang='lat' dir='ltr'><strong>rtlvc</strong></span> <span class='ocrx_word' id='word_1_110' title='bbox 255 2980 345 3046; x_wconf 87' lang='lat' dir='ltr'><strong>Juda</strong></span> <span class='ocrx_word' id='word_1_111' title='bbox 366 2981 423 3045; x_wconf 89' lang='lat' dir='ltr'><strong>vel</strong></span> <span class='ocrx_word' id='word_1_112' title='bbox 444 2979 626 3062; x_wconf 78' lang='lat' dir='ltr'><strong>Thaddaee,</strong></span> <span class='ocrx_word' id='word_1_113' title='bbox 819 2977 1021 3062; x_wconf 82' lang='lat' dir='ltr'><strong>tigridesque</strong></span> <span class='ocrx_word' id='word_1_114' title='bbox 1043 2979 1232 3059; x_wconf 82' lang='lat' dir='ltr'><strong>saevientes,</strong></span> 
     </span>
     <span class='ocr_line' id='line_1_18' title="bbox 192 3081 1291 3165; baseline -0.001 -18"><span class='ocrx_word' id='word_1_115' title='bbox 192 3081 333 3148; x_wconf 72' lang='lat' dir='ltr'><strong>Christus</strong></span> <span class='ocrx_word' id='word_1_116' title='bbox 354 3082 561 3147; x_wconf 84' lang='lat' dir='ltr'><strong>nihilominus</strong></span> <span class='ocrx_word' id='word_1_117' title='bbox 863 3082 918 3164; x_wconf 89' lang='lat' dir='ltr'><strong>qui</strong></span> <span class='ocrx_word' id='word_1_118' title='bbox 939 3081 1051 3165; x_wconf 91' lang='lat' dir='ltr'><strong>plures</strong></span> <span class='ocrx_word' id='word_1_119' title='bbox 1073 3089 1291 3165; x_wconf 91' lang='lat' dir='ltr'><strong>necaverant,</strong></span> 
     </span>
     <span class='ocr_line' id='line_1_19' title="bbox 163 3183 1244 3268; baseline -0.001 -19"><span class='ocrx_word' id='word_1_120' title='bbox 163 3192 240 3249; x_wconf 79' lang='lat' dir='ltr'><strong>vacat</strong></span> <span class='ocrx_word' id='word_1_121' title='bbox 260 3183 303 3249; x_wconf 87' lang='lat' dir='ltr'><strong>ad</strong></span> <span class='ocrx_word' id='word_1_122' title='bbox 325 3183 544 3268; x_wconf 87' lang='lat' dir='ltr'><strong>apostolatum</strong></span> <span class='ocrx_word' id='word_1_123' title='bbox 746 3185 766 3247; x_wconf 82' lang='lat'><strong>5</strong></span> <span class='ocrx_word' id='word_1_124' title='bbox 818 3185 1001 3268; x_wconf 83' lang='lat' dir='ltr'><strong>repulistis,</strong></span> <span class='ocrx_word' id='word_1_125' title='bbox 1025 3192 1059 3248; x_wconf 92' lang='lat' dir='ltr'><strong>et</strong></span> <span class='ocrx_word' id='word_1_126' title='bbox 1079 3192 1244 3249; x_wconf 80' lang='lat' dir='ltr'><strong>morantes</strong></span> 
     </span>
     <span class='ocr_line' id='line_1_20' title="bbox 194 3284 1446 3373; baseline 0.002 -22"><span class='ocrx_word' id='word_1_127' title='bbox 194 3303 246 3351; x_wconf 85' lang='lat' dir='ltr'><strong>vos</strong></span> <span class='ocrx_word' id='word_1_128' title='bbox 266 3284 536 3368; x_wconf 74' lang='lat' dir='ltr'><strong>misericorditer,</strong></span> <span class='ocrx_word' id='word_1_129' title='bbox 864 3287 909 3353; x_wconf 91' lang='lat' dir='ltr'><strong>ibi</strong></span> <span class='ocrx_word' id='word_1_130' title='bbox 932 3288 1049 3352; x_wconf 89' lang='lat' dir='ltr'><strong>multos</strong></span> <span class='ocrx_word' id='word_1_131' title='bbox 1071 3290 1212 3373; x_wconf 88' lang='lat' dir='ltr'><strong>populos</strong></span> <span class='ocrx_word' id='word_1_132' title='bbox 1403 3290 1446 3355; x_wconf 79' lang='lat'><strong>³0</strong></span> 
     </span>
     <span class='ocr_line' id='line_1_21' title="bbox 163 3389 1252 3473; baseline 0.006 -24"><span class='ocrx_word' id='word_1_133' title='bbox 163 3389 238 3453; x_wconf 81' lang='lat' dir='ltr'><strong>vobis</strong></span> <span class='ocrx_word' id='word_1_134' title='bbox 259 3389 418 3454; x_wconf 81' lang='lat' dir='ltr'><strong>exhibens</strong></span> <span class='ocrx_word' id='word_1_135' title='bbox 437 3395 610 3472; x_wconf 88' lang='lat' dir='ltr'><strong>cognatum</strong></span> <span class='ocrx_word' id='word_1_136' title='bbox 820 3391 1025 3454; x_wconf 77' lang='lat' dir='ltr'><strong>convertistis</strong></span> <span class='ocrx_word' id='word_1_137' title='bbox 1048 3393 1252 3473; x_wconf 81' lang='lat' dir='ltr'><strong>baptizantes</strong></span> 
     </span>
     <span class='ocr_line' id='line_1_22' title="bbox 194 3490 1238 3560; baseline 0.003 -5"><span class='ocrx_word' id='word_1_138' title='bbox 194 3508 224 3555; x_wconf 88' lang='lat' dir='ltr'><strong>ae</strong></span> <span class='ocrx_word' id='word_1_139' title='bbox 245 3492 452 3556; x_wconf 78' lang='lat' dir='ltr'><strong>familiariter.</strong></span> <span class='ocrx_word' id='word_1_140' title='bbox 864 3498 899 3555; x_wconf 87' lang='lat' dir='ltr'><strong>et</strong></span> <span class='ocrx_word' id='word_1_141' title='bbox 921 3490 1078 3556; x_wconf 89' lang='lat' dir='ltr'><strong>docentes</strong></span> <span class='ocrx_word' id='word_1_142' title='bbox 1097 3493 1238 3560; x_wconf 88' lang='lat' dir='ltr'><strong>sedulos.</strong></span> 
     </span>
    </p>
   </div>
   <div class='ocr_carea' id='block_1_7' title="bbox 161 3669 1446 4483">
    <p class='ocr_par' dir='ltr' id='par_1_7' title="bbox 161 3669 1446 4483">
     <span class='ocr_line' id='line_1_23' title="bbox 164 3669 1238 3765; baseline 0.007 -25"><span class='ocrx_word' id='word_1_143' title='bbox 164 3669 206 3740; x_wconf 80' lang='lat' dir='ltr'><strong>ti</strong></span> <span class='ocrx_word' id='word_1_144' title='bbox 221 3676 411 3764; x_wconf 85' lang='lat' dir='ltr'><strong>Abagarum</strong></span> <span class='ocrx_word' id='word_1_145' title='bbox 432 3677 568 3759; x_wconf 84' lang='lat' dir='ltr'><strong>venisti,</strong></span> <span class='ocrx_word' id='word_1_146' title='bbox 820 3680 913 3763; x_wconf 86' lang='lat' dir='ltr'><strong>Magi</strong></span> <span class='ocrx_word' id='word_1_147' title='bbox 937 3700 1017 3746; x_wconf 92' lang='lat' dir='ltr'><strong>vero</strong></span> <span class='ocrx_word' id='word_1_148' title='bbox 1040 3683 1238 3765; x_wconf 87' lang='lat' dir='ltr'><strong>instigabant</strong></span> 
     </span>
     <span class='ocr_line' id='line_1_24' title="bbox 194 3780 1237 3870; baseline 0.005 -24"><span class='ocrx_word' id='word_1_149' title='bbox 194 3783 332 3847; x_wconf 70' lang='lat' dir='ltr'><strong>coelbcm</strong></span> <span class='ocrx_word' id='word_1_150' title='bbox 355 3781 588 3864; x_wconf 86' lang='lat' dir='ltr'><strong>christicolam,</strong></span> <span class='ocrx_word' id='word_1_151' title='bbox 726 3780 767 3845; x_wconf 90' lang='grc'><strong>10</strong></span> <span class='ocrx_word' id='word_1_152' title='bbox 865 3793 899 3848; x_wconf 90' lang='lat' dir='ltr'><strong>et</strong></span> <span class='ocrx_word' id='word_1_153' title='bbox 920 3785 1024 3849; x_wconf 90' lang='lat' dir='ltr'><strong>insani</strong></span> <span class='ocrx_word' id='word_1_154' title='bbox 1046 3785 1237 3870; x_wconf 88' lang='lat' dir='ltr'><strong>pontifices,</strong></span> 
     </span>
     <span class='ocr_line' id='line_1_25' title="bbox 162 3881 1445 3971; baseline 0.005 -27"><span class='ocrx_word' id='word_1_155' title='bbox 162 3886 388 3968; x_wconf 72' lang='lat' dir='ltr'><strong>repromissum</strong></span> <span class='ocrx_word' id='word_1_156' title='bbox 409 3886 473 3951; x_wconf 92' lang='lat' dir='ltr'><strong>sibi</strong></span> <span class='ocrx_word' id='word_1_157' title='bbox 495 3881 615 3950; x_wconf 79' lang='lat' dir='ltr'><strong>Christi</strong></span> <span class='ocrx_word' id='word_1_158' title='bbox 821 3887 875 3968; x_wconf 90' lang='lat' dir='ltr'><strong>qui</strong></span> <span class='ocrx_word' id='word_1_159' title='bbox 897 3894 973 3969; x_wconf 90' lang='lat' dir='ltr'><strong>post</strong></span> <span class='ocrx_word' id='word_1_160' title='bbox 995 3886 1058 3950; x_wconf 90' lang='lat' dir='ltr'><strong>hoc</strong></span> <span class='ocrx_word' id='word_1_161' title='bbox 1078 3905 1138 3951; x_wconf 92' lang='lat' dir='ltr'><strong>vos</strong></span> <span class='ocrx_word' id='word_1_162' title='bbox 1157 3888 1379 3971; x_wconf 89' lang='lat' dir='ltr'><strong>captivabant,</strong></span> <span class='ocrx_word' id='word_1_163' title='bbox 1403 3889 1445 3952; x_wconf 79' lang='lat'><strong>³⁵</strong></span> 
     </span>
     <span class='ocr_line' id='line_1_26' title="bbox 193 3989 1253 4075; baseline -0.001 -25"><span class='ocrx_word' id='word_1_164' title='bbox 193 3997 256 4054; x_wconf 86' lang='lat' dir='ltr'><strong>erat</strong></span> <span class='ocrx_word' id='word_1_165' title='bbox 277 4010 339 4074; x_wconf 95' lang='lat' dir='ltr'><strong>per</strong></span> <span class='ocrx_word' id='word_1_166' title='bbox 361 3991 547 4075; x_wconf 85' lang='lat' dir='ltr'><strong>epistolam,</strong></span> <span class='ocrx_word' id='word_1_167' title='bbox 865 4006 904 4052; x_wconf 91' lang='lat' dir='ltr'><strong>ao</strong></span> <span class='ocrx_word' id='word_1_168' title='bbox 927 4005 1038 4051; x_wconf 91' lang='lat' dir='ltr'><strong>eornm</strong></span> <span class='ocrx_word' id='word_1_169' title='bbox 1063 3989 1253 4071; x_wconf 88' lang='lat' dir='ltr'><strong>complices,</strong></span> 
     </span>
     <span class='ocr_line' id='line_1_27' title="bbox 162 4089 1246 4175; baseline -0.001 -22"><span class='ocrx_word' id='word_1_170' title='bbox 162 4102 217 4153; x_wconf 75' lang='lat' dir='ltr'><strong>tau</strong></span> <span class='ocrx_word' id='word_1_171' title='bbox 236 4111 298 4173; x_wconf 87' lang='lat' dir='ltr'><strong>qua</strong></span> <span class='ocrx_word' id='word_1_172' title='bbox 321 4091 393 4175; x_wconf 89' lang='lat' dir='ltr'><strong>ejus</strong></span> <span class='ocrx_word' id='word_1_173' title='bbox 416 4090 617 4174; x_wconf 77' lang='lat' dir='ltr'><strong>confricant,</strong></span> <span class='ocrx_word' id='word_1_174' title='bbox 820 4109 881 4155; x_wconf 88' lang='lat' dir='ltr'><strong>vos</strong></span> <span class='ocrx_word' id='word_1_175' title='bbox 904 4090 946 4154; x_wconf 88' lang='lat' dir='ltr'><strong>ad</strong></span> <span class='ocrx_word' id='word_1_176' title='bbox 968 4089 1057 4153; x_wconf 93' lang='lat' dir='ltr'><strong>idola</strong></span> <span class='ocrx_word' id='word_1_177' title='bbox 1079 4090 1246 4153; x_wconf 81' lang='lat' dir='ltr'><strong>trahentes</strong></span> 
     </span>
     <span class='ocr_line' id='line_1_28' title="bbox 192 4193 1202 4277; baseline 0.001 -21"><span class='ocrx_word' id='word_1_178' title='bbox 192 4202 295 4259; x_wconf 87' lang='lat' dir='ltr'><strong>sancte</strong></span> <span class='ocrx_word' id='word_1_179' title='bbox 318 4193 419 4277; x_wconf 86' lang='lat' dir='ltr'><strong>Juda,</strong></span> <span class='ocrx_word' id='word_1_180' title='bbox 442 4194 558 4259; x_wconf 89' lang='lat' dir='ltr'><strong>laciem</strong></span> <span class='ocrx_word' id='word_1_181' title='bbox 864 4193 1031 4257; x_wconf 89' lang='lat' dir='ltr'><strong>immolare</strong></span> <span class='ocrx_word' id='word_1_182' title='bbox 1053 4195 1202 4276; x_wconf 90' lang='lat' dir='ltr'><strong>incitant,</strong></span> 
     </span>
     <span class='ocr_line' id='line_1_29' title="bbox 161 4295 1348 4384; baseline 0.006 -28"><span class='ocrx_word' id='word_1_183' title='bbox 161 4298 221 4358; x_wconf 82' lang='lat' dir='ltr'><strong>cta</strong></span> <span class='ocrx_word' id='word_1_184' title='bbox 241 4295 334 4377; x_wconf 91' lang='lat' dir='ltr'><strong>lepra</strong></span> <span class='ocrx_word' id='word_1_185' title='bbox 355 4313 431 4360; x_wconf 85' lang='lat' dir='ltr'><strong>mox</strong></span> <span class='ocrx_word' id='word_1_186' title='bbox 453 4295 590 4377; x_wconf 87' lang='lat' dir='ltr'><strong>curasti,</strong></span> <span class='ocrx_word' id='word_1_187' title='bbox 724 4297 767 4360; x_wconf 77' lang='lat'><strong>15</strong></span> <span class='ocrx_word' id='word_1_188' title='bbox 819 4319 881 4384; x_wconf 91' lang='lat' dir='ltr'><strong>per</strong></span> <span class='ocrx_word' id='word_1_189' title='bbox 903 4316 964 4362; x_wconf 88' lang='lat' dir='ltr'><strong>vos</strong></span> <span class='ocrx_word' id='word_1_190' title='bbox 987 4295 1152 4360; x_wconf 86' lang='lat' dir='ltr'><strong>daemones</strong></span> <span class='ocrx_word' id='word_1_191' title='bbox 1174 4299 1348 4363; x_wconf 84' lang='lat' dir='ltr'><strong>frementes</strong></span> 
     </span>
     <span class='ocr_line' id='line_1_30' title="bbox 192 4398 1446 4483; baseline 0.004 -21"><span class='ocrx_word' id='word_1_192' title='bbox 192 4399 303 4463; x_wconf 88' lang='lat' dir='ltr'><strong>claram</strong></span> <span class='ocrx_word' id='word_1_193' title='bbox 324 4398 468 4463; x_wconf 87' lang='lat' dir='ltr'><strong>reddens</strong></span> <span class='ocrx_word' id='word_1_194' title='bbox 492 4399 643 4483; x_wconf 83' lang='lat' dir='ltr'><strong>speciem.</strong></span> <span class='ocrx_word' id='word_1_195' title='bbox 863 4420 899 4464; x_wconf 89' lang='lat' dir='ltr'><strong>se</strong></span> <span class='ocrx_word' id='word_1_196' title='bbox 922 4401 1067 4483; x_wconf 88' lang='lat' dir='ltr'><strong>torqueri</strong></span> <span class='ocrx_word' id='word_1_197' title='bbox 1091 4400 1263 4465; x_wconf 88' lang='lat' dir='ltr'><strong>clamitant.</strong></span> <span class='ocrx_word' id='word_1_198' title='bbox 1403 4402 1446 4468; x_wconf 81' lang='lat' dir='ltr'><strong>lo</strong></span> 
     </span>
    </p>
   </div>
   <div class='ocr_carea' id='block_1_8' title="bbox 151 4578 1444 5398">
    <p class='ocr_par' dir='ltr' id='par_1_8' title="bbox 156 4578 1338 4778">
     <span class='ocr_line' id='line_1_31' title="bbox 156 4578 1338 4678; baseline 0.01 -31"><span class='ocrx_word' id='word_1_199' title='bbox 156 4578 208 4649; x_wconf 81' lang='lat' dir='ltr'><strong>Per</strong></span> <span class='ocrx_word' id='word_1_200' title='bbox 228 4587 377 4653; x_wconf 88' lang='lat' dir='ltr'><strong>diversas</strong></span> <span class='ocrx_word' id='word_1_201' title='bbox 400 4597 506 4654; x_wconf 84' lang='lat' dir='ltr'><strong>terras</strong></span> <span class='ocrx_word' id='word_1_202' title='bbox 527 4589 600 4655; x_wconf 82' lang='lat' dir='ltr'><strong>istis</strong></span> <span class='ocrx_word' id='word_1_203' title='bbox 725 4603 728 4606; x_wconf 74' lang='grc'><strong><em>’</em></strong></span> <span class='ocrx_word' id='word_1_204' title='bbox 819 4591 1054 4674; x_wconf 86' lang='lat' dir='ltr'><strong>Daemonesque</strong></span> <span class='ocrx_word' id='word_1_205' title='bbox 1080 4592 1123 4656; x_wconf 94' lang='lat' dir='ltr'><strong>dii</strong></span> <span class='ocrx_word' id='word_1_206' title='bbox 1147 4594 1338 4678; x_wconf 87' lang='lat' dir='ltr'><strong>templorum</strong></span> 
     </span>
     <span class='ocr_line' id='line_1_32' title="bbox 186 4690 1182 4778; baseline 0.002 -22"><span class='ocrx_word' id='word_1_207' title='bbox 186 4690 386 4772; x_wconf 66' lang='lat' dir='ltr'><strong>predicandi</strong></span> <span class='ocrx_word' id='word_1_208' title='bbox 407 4693 529 4776; x_wconf 88' lang='lat' dir='ltr'><strong>gratia,</strong></span> <span class='ocrx_word' id='word_1_209' title='bbox 862 4694 949 4776; x_wconf 81' lang='lat' dir='ltr'><strong>nigri</strong></span> <span class='ocrx_word' id='word_1_210' title='bbox 972 4703 1007 4759; x_wconf 90' lang='lat' dir='ltr'><strong>ut</strong></span> <span class='ocrx_word' id='word_1_211' title='bbox 1030 4695 1182 4778; x_wconf 81' lang='lat' dir='ltr'><strong>fuligines</strong></span> 
     </span>
    </p>

    <p class='ocr_par' dir='ltr' id='par_1_9' title="bbox 152 4788 1244 4987">
     <span class='ocr_line' id='line_1_33' title="bbox 152 4788 1205 4886; baseline 0.009 -29"><span class='ocrx_word' id='word_1_212' title='bbox 152 4788 233 4858; x_wconf 71' lang='lat' dir='ltr'><strong>unul</strong></span> <span class='ocrx_word' id='word_1_213' title='bbox 253 4794 423 4860; x_wconf 87' lang='lat' dir='ltr'><strong>Persidem</strong></span> <span class='ocrx_word' id='word_1_214' title='bbox 445 4798 580 4861; x_wconf 84' lang='lat' dir='ltr'><strong>venistis</strong></span> <span class='ocrx_word' id='word_1_215' title='bbox 821 4806 1025 4886; x_wconf 89' lang='lat' dir='ltr'><strong>apparebant</strong></span> <span class='ocrx_word' id='word_1_216' title='bbox 1046 4803 1205 4868; x_wconf 87' lang='lat' dir='ltr'><strong>idolorum</strong></span> 
     </span>
     <span class='ocr_line' id='line_1_34' title="bbox 185 4894 1244 4987; baseline 0.007 -26"><span class='ocrx_word' id='word_1_217' title='bbox 185 4894 236 4961; x_wconf 87' lang='lat' dir='ltr'><strong>dei</strong></span> <span class='ocrx_word' id='word_1_218' title='bbox 257 4899 484 4982; x_wconf 85' lang='lat' dir='ltr'><strong>providentia,</strong></span> <span class='ocrx_word' id='word_1_219' title='bbox 725 4904 768 4969; x_wconf 86' lang='lat'><strong>20</strong></span> <span class='ocrx_word' id='word_1_220' title='bbox 863 4905 1054 4987; x_wconf 76' lang='lat' dir='ltr'><strong>frangentes</strong></span> <span class='ocrx_word' id='word_1_221' title='bbox 1077 4906 1244 4987; x_wconf 81' lang='lat' dir='ltr'><strong>imagines.</strong></span> 
     </span>
    </p>

    <p class='ocr_par' dir='ltr' id='par_1_10' title="bbox 151 4997 1444 5192">
     <span class='ocr_line' id='line_1_35' title="bbox 151 4997 1444 5090; baseline 0.005 -27"><span class='ocrx_word' id='word_1_222' title='bbox 151 4997 196 5064; x_wconf 78' lang='lat' dir='ltr'><strong>nbi</strong></span> <span class='ocrx_word' id='word_1_223' title='bbox 216 5020 332 5085; x_wconf 85' lang='lat' dir='ltr'><strong>magns</strong></span> <span class='ocrx_word' id='word_1_224' title='bbox 353 5000 529 5067; x_wconf 85' lang='lat' dir='ltr'><strong>illudentes</strong></span> <span class='ocrx_word' id='word_1_225' title='bbox 820 5010 863 5073; x_wconf 93' lang='lat' dir='ltr'><strong>ob</strong></span> <span class='ocrx_word' id='word_1_226' title='bbox 886 5007 950 5071; x_wconf 91' lang='lat' dir='ltr'><strong>hoc</strong></span> <span class='ocrx_word' id='word_1_227' title='bbox 972 5007 1066 5090; x_wconf 87' lang='lat' dir='ltr'><strong>plebs</strong></span> <span class='ocrx_word' id='word_1_228' title='bbox 1088 5026 1148 5071; x_wconf 91' lang='lat' dir='ltr'><strong>vos</strong></span> <span class='ocrx_word' id='word_1_229' title='bbox 1171 5008 1329 5074; x_wconf 88' lang='lat' dir='ltr'><strong>cruciavit</strong></span> <span class='ocrx_word' id='word_1_230' title='bbox 1401 5007 1444 5070; x_wconf 75' lang='lat'><strong>4⁵</strong></span> 
     </span>
     <span class='ocr_line' id='line_1_36' title="bbox 183 5103 1231 5192; baseline 0.006 -25"><span class='ocrx_word' id='word_1_231' title='bbox 183 5105 281 5169; x_wconf 87' lang='lat' dir='ltr'><strong>noxie</strong></span> <span class='ocrx_word' id='word_1_232' title='bbox 303 5103 488 5171; x_wconf 87' lang='lat' dir='ltr'><strong>hominibus</strong></span> <span class='ocrx_word' id='word_1_233' title='bbox 863 5116 1026 5192; x_wconf 83' lang='lat' dir='ltr'><strong>martyres</strong></span> <span class='ocrx_word' id='word_1_234' title='bbox 1049 5109 1231 5190; x_wconf 89' lang='lat' dir='ltr'><strong>constituit,</strong></span> 
     </span>
    </p>

    <p class='ocr_par' dir='ltr' id='par_1_11' title="bbox 151 5204 1309 5398">
     <span class='ocr_line' id='line_1_37' title="bbox 151 5204 1309 5295; baseline 0.005 -27"><span class='ocrx_word' id='word_1_235' title='bbox 151 5209 366 5290; x_wconf 65' lang='lat' dir='ltr'><strong>serpentes</strong></span> <span class='ocrx_word' id='word_1_236' title='bbox 388 5204 609 5290; x_wconf 86' lang='lat' dir='ltr'><strong>producentes</strong></span> <span class='ocrx_word' id='word_1_237' title='bbox 820 5212 929 5295; x_wconf 86' lang='lat' dir='ltr'><strong>iulgur</strong></span> <span class='ocrx_word' id='word_1_238' title='bbox 951 5211 1103 5294; x_wconf 90' lang='lat' dir='ltr'><strong>templum</strong></span> <span class='ocrx_word' id='word_1_239' title='bbox 1126 5209 1309 5274; x_wconf 88' lang='lat' dir='ltr'><strong>devastavit</strong></span> 
     </span>
     <span class='ocr_line' id='line_1_38' title="bbox 179 5308 1255 5398; baseline 0.003 -23"><span class='ocrx_word' id='word_1_240' title='bbox 179 5317 295 5375; x_wconf 82' lang='lat' dir='ltr'><strong>eontra</strong></span> <span class='ocrx_word' id='word_1_241' title='bbox 318 5327 383 5375; x_wconf 87' lang='lat' dir='ltr'><strong>vos</strong></span> <span class='ocrx_word' id='word_1_242' title='bbox 405 5308 600 5377; x_wconf 81' lang='lat' dir='ltr'><strong>carminibus</strong></span> <span class='ocrx_word' id='word_1_243' title='bbox 862 5332 1041 5398; x_wconf 86' lang='lat' dir='ltr'><strong>magosque</strong></span> <span class='ocrx_word' id='word_1_244' title='bbox 1065 5313 1255 5379; x_wconf 84' lang='lat' dir='ltr'><strong>comminuit</strong></span> 
     </span>
    </p>
   </div>
   <div class='ocr_carea' id='block_1_9' title="bbox 0 0 1630 6517">
    <p class='ocr_par' dir='ltr' id='par_1_12' title="bbox 0 0 1630 6517">
     <span class='ocr_line' id='line_1_39' title="bbox 0 0 1630 6517; baseline 0 0"><span class='ocrx_word' id='word_1_245' title='bbox 0 0 1630 6517; x_wconf 95' lang='lat' dir='ltr'><strong> </strong></span> 
     </span>
    </p>
   </div>
  </div>
 </body>
</html>
