3250 6517
151 1142 239 1190 mam
260 1141 356 1189 mann
378 1119 545 1188 ardentem

151 1229 212 1294 nisti
233 1234 403 1294 tenentem.

151 1426 204 1485 tua
225 1416 346 1502 gaudia
367 1416 514 1498 intravit,

151 1542 165 1586 e
187 1518 303 1602 felix“,
326 1520 423 1586 bodie
444 1519 578 1602 audivit,

151 1623 315 1707 pecuniam
328 1641 400 1688 cnm
414 1621 505 1687 lucro
571 1622 613 1685 35

155 1746 231 1808 rex,
252 1726 400 1792 restituit.

730 1119 825 1188 Nunc
847 1123 965 1188 candet
986 1125 1070 1190 inter
1092 1127 1159 1192 litia

732 1240 851 1290 ornans
873 1226 1077 1293 sacerdotum
1098 1231 1237 1314 agmina,

731 1328 816 1394 inter
836 1329 965 1393 numina
987 1330 1137 1413 angelica

729 1431 847 1514 jubilat
868 1431 1009 1516 alleluja.
1246 1437 1288 1500 10

667 1624 697 1688 0.
730 1622 824 1690 Hunc
844 1623 938 1688 nobis
959 1623 1037 1688 siste
1059 1580 1236 1705 fautorem,

731 1734 764 1790 te
786 1725 924 1810 petimus
946 1736 1122 1790 auctorem.
1228 1752 1231 1763 ·

151 1899 277 1956 erselben
293 1900 342 1956 lin.
358 1899 402 1956 BL
420 1903 514 2015 thane
533 1902 662 1975 gieicber
679 1904 749 1973 Zeit,
768 1903 817 1958 mit
835 1903 887 1958 den
907 1901 1094 1958 llusilnoten.
1177 1911 1180 1916 ·

301 2252 405 2328 930..
421 2257 481 2330 De
504 2282 531 2329 s.
558 2253 782 2331 Gebebardo.
818 2253 977 2355 hymnus.

151 2514 220 2579 mpe
244 2496 352 2562 cordis
374 2499 483 2563 nubila

151 2598 239 2664 clara
256 2599 363 2682 jubila

152 2723 204 2766 am
226 2704 365 2787 insignia

151 2804 175 2869 li
196 2806 379 2887 sollemnia,

151 2927 186 2972 ns
208 2910 250 2973 ab
276 2909 410 2974 infantia
592 2912 610 2973 5

151 3009 211 3075 rdit
232 3011 355 3095 gratia,

151 3111 231 3176 »lura
252 3112 396 3177 remedia

153 3214 202 3277 uis
224 3215 257 3278 id
279 3216 393 3278 mania.

151 3420 224 3468 ,eam
248 3401 445 3470 Constantine

164 3503 298 3569 mirifice
568 3510 609 3574 10

151 3611 252 3673 umbae
275 3611 385 3690 specie

161 3721 211 3776 est
233 3713 406 3778 ostendere

150 3835 188 3881 us
211 3816 401 3899 sepulture,

153 3928 165 3982 t
189 3917 378 3998 clarissime,

151 4039 206 4103 gor
229 4020 386 4104 galaxiae,
569 4024 607 4084 15

151 4123 210 4206 »jus
234 4124 375 4188 fabricae.
504 4181 509 4194 .

151 4332 167 4377 e
190 4313 280 4396 regis
301 4315 433 4399 superni

151 4416 196 4482 ior
218 4416 301 4481 aulae
325 4414 468 4502 Olympi,

151 4538 289 4604 ¹gamur,
311 4522 461 4602 subveni,

152 4644 173 4689 a
196 4623 293 4708 bojus
314 4625 442 4706 mundi3
564 4629 606 4693 20

666 2496 719 2578 qui
742 2504 840 2576 caput
862 2494 1037 2557 beatissimi
1094 2552 1098 2557 .

664 2597 825 2682 pontilicis
848 2596 998 2678 Gregorii

664 2701 793 2784 agiliter
813 2699 976 2764 deduxisti

664 2804 879 2888 scindensque
901 2804 1030 2869 flumina
1052 2803 1141 2869 Padi.

662 2993 806 3075 Praesui,
829 3011 969 3059 summus
991 2992 1090 3076 opilio
1242 2993 1284 3055 25

663 3097 704 3161 de
727 3097 833 3162 earnis
854 3096 924 3179 jam
946 3095 1112 3178 ergastulo

662 3208 695 3263 te
718 3199 830 3264 eduxit
851 3217 923 3265 oum
940 3199 1064 3283 jubilo,

662 3312 695 3366 te
717 3303 887 3369 laudamus
908 3323 979 3370 oum
1002 3304 1146 3385 cantico,

662 3416 695 3470 ut
717 3427 899 3472 mereamur
921 3426 992 3474 oum
1013 3407 1103 3490 ipso,

662 3509 753 3592 cujus
776 3529 912 3593 regnum
934 3508 1093 3593 principio
1241 3508 1283 3571 30

661 3620 752 3675 earet
774 3613 859 3677 omni
882 3613 996 3693 exilio,

660 3731 801 3795 regnare
824 3715 893 3778 sine
915 3713 1061 3777 termino.

659 3899 810 3983 Athleta,
834 3904 876 3966 ab
897 3901 999 3966 bostis
1021 3918 1131 3964 morsu

659 4003 798 4069 deiende
822 4021 882 4067 nos
904 4010 937 4066 et
959 4022 978 4066 a
1001 4003 1110 4086 lapsu,

660 4130 701 4174 ne
723 4127 783 4173 nos
805 4125 866 4191 pro
889 4115 1000 4170 nostro
1023 4115 1116 4169 reatu
1239 4106 1281 4168 35

659 4214 800 4289 deducat
822 4225 931 4275 seoum
953 4229 1024 4275 cnm
1046 4210 1148 4291 luctu,

659 4314 717 4379 sed
740 4313 827 4378 tuin
850 4313 960 4376 mortis
982 4312 1150 4394 procinctu

659 4414 797 4481 deiende
821 4416 862 4478 ab
885 4413 987 4477 bostis
1010 4420 1096 4477 metu

658 4529 692 4585 et
713 4538 772 4585 nos
795 4527 901 4584 tecum
922 4516 999 4581 laeto
1021 4515 1112 4580 vultu

659 4623 763 4690 deduc
785 4625 817 4689 in
839 4623 949 4707 polum
971 4640 1043 4687 oum
1065 4621 1189 4705 plausu.
1237 4619 1280 4683 10

151 4825 320 4881 rnnsweiler
343 4826 390 4881 lis.
416 4843 450 4881 zu
474 4827 645 4901 Heidelberg
671 4831 703 4899 9,
720 4829 766 4884 lx.
793 4842 845 4882 aus
867 4826 928 4881 dem
953 4827 986 4879 15
1004 4823 1102 4879 Jahrb.
1139 4822 1195 4876 Das
1213 4819 1279 4874 Lied
1389 4863 1391 4866 .

151 4911 198 4969 len
226 4910 294 4969 ibri
315 4912 442 4969 vocalem
466 4913 515 4970 des
542 4915 713 4986 Aiphabets,
745 4913 813 4987 jede
842 4913 966 4984 Stropbe
995 4910 1033 4989 in¹
1051 4910 1139 4965 einern
1166 4906 1278 4963 andern.

151 5017 165 5056 ι.
183 5001 245 5056 103.

151 5123 223 5192 ‚lla
265 5123 299 5177 1⁰
317 5125 467 5192 recusavit,
485 5125 532 5180 lle.
578 5126 611 5178 17
629 5130 659 5180 tu
676 5140 737 5196 reg.
756 5123 841 5196 regis,
860 5124 906 5178 tls.
955 5123 989 5175 31
1011 5119 1107 5175 besser
1126 5113 1211 5171 exitio
1230 5109 1278 5168 sir

151 5227 165 5267 r.
199 5212 306 5283 dipre
324 5211 488 5280 cinctutis.
