3250 6517
168 866 404 976 numiam
427 888 605 956 anacam
731 884 754 954 a·
805 852 1091 960 cancerem
1111 894 1244 978 uera,

164 990 277 1060 tracra
297 992 417 1061 clamat
440 993 579 1077 veritae,

161 1112 246 1181 orpus
266 1097 413 1181 peccatis
436 1095 597 1163 subditum

159 1209 272 1267 mcum
295 1201 387 1266 odire
411 1201 565 1286 spiritum

156 1373 236 1443 Furor
256 1387 292 1444 et
312 1379 491 1462 indignatio

153 1483 243 1564 procul
264 1481 347 1549 fiant
367 1485 410 1549 ab
433 1483 558 1565 animo,

84 1579 94 1634 '5
152 1600 224 1665 eren
245 1586 357 1652 tutelae
379 1585 591 1652 mentetua

147 1687 284 1771 praelegi
306 1690 512 1754 committere.

143 1861 198 1928 iton
219 1865 328 1930 odium
350 1873 539 1950 exasperet,

136 1967 281 2051 jactantia
301 1986 368 2034 non
391 1970 513 2052 elevet,

137 2069 211 2135 livor
231 2071 317 2137 edax
339 2090 405 2138 non
423 2079 532 2154 acuat,
708 2074 748 2136 15

137 2173 190 2237 aed
209 2192 276 2257 pax
298 2192 381 2238 vera
402 2173 575 2258 possideat.

128 2352 297 2435 Mundum,
320 2354 349 2418 ei
371 2352 472 2435 ridet,
494 2352 632 2438 tugiam,

133 2467 187 2521 aut
208 2458 237 2520 ni
258 2456 369 2538 eavit,
391 2455 561 2540 irrideam,

127 2561 213 2641 quia,
236 2561 291 2642 qni
312 2558 403 2624 illum
420 2556 539 2642 diligit,

128 2660 257 2726 cbristo
279 2669 432 2727 constare
449 2659 575 2726 decinit.

124 2839 194 2904 Sed
215 2840 361 2905 studiosa
381 2839 479 2906 lectio

125 2950 159 3009 et
180 2953 374 3029 compuncta
394 2945 499 3011 oratio

122 3051 357 3116 incumbentem
381 3051 519 3117 exsatiet

124 3161 157 3218 et
178 3153 355 3219 haerentem
378 3153 522 3220 inebriet

128 3335 213 3400 Ante
234 3336 351 3400 mentia
372 3335 517 3400 intuitum

131 3440 237 3503 mertia
259 3456 389 3502 versem
410 3438 573 3519 aculeum,

133 3547 164 3603 et
181 3541 222 3604 ait
243 3547 335 3604 tauto
356 3539 556 3624 mepectior,

135 3651 243 3724 quanto
265 3649 375 3708 manet
396 3641 561 3709 occultior.

139 3820 161 3886 0
179 3825 286 3908 Jheeu,
310 3846 370 3891 rex
393 3824 563 3907 altiaaime,

139 3926 239 3990 osona
261 3925 509 4010 misericordiae,
704 3927 747 3992 30

142 4023 239 4093 horam
260 4030 372 4094 mortis
390 4030 567 4096 terribilem

141 4146 189 4211 pro
209 4150 267 4217 epe
289 4136 377 4199 bona
398 4133 452 4200 iac
473 4132 608 4203 facilem.

142 4288 249 4362 Secura
271 4299 471 4364 contuentia

141 4413 190 4462 aon
211 4400 256 4464 ibi
272 4401 405 4466 multum
429 4400 587 4487 trepidat,

144 4517 204 4568 bon
225 4523 285 4589 epe
307 4505 396 4571 iacta
411 4505 576 4571 robustior
707 4506 750 4569 ab

143 4606 262 4671 nulum
283 4606 401 4671 maurit
420 4606 629 4673 coartantion

140 4763 201 4833 Non
223 4769 310 4834 ahud
333 4770 376 4835 eit
397 4769 550 4854 gaudium

138 4872 183 4935 rel
202 4892 309 4938 meum
330 4871 541 4958 desiderium,

137 4990 224 5055 qoam
246 4985 283 5042 ut
304 4984 422 5040 eratne
443 4993 583 5061 corpore

132 5076 183 5142 trbi
203 5079 327 5162 poesim
350 5078 513 5145 aeeiroere
709 5080 751 5144 to

165 5206 252 5259 rau,
268 5207 355 5256 man.
370 5209 493 5265 aym.
516 5209 560 5255 ιιι

805 993 895 1061 cirea
917 1011 1068 1081 supernae
1086 995 1220 1080 patria,

805 1099 860 1182 qui
876 1099 946 1183 jam
970 1100 1032 1165 deo
1055 1100 1213 1184 fruimini,

806 1201 899 1266 nobie
922 1204 1168 1286 compatiamini

803 1379 947 1445 Michael
969 1381 1001 1445 in
1024 1381 1208 1448 coeleetibna
1383 1385 1426 1448 to

709 1484 751 1547 10
804 1483 860 1565 qai
881 1482 1059 1567 praefulges
1082 1484 1281 1568 agminibus,

802 1601 865 1666 pro
888 1583 1023 1666 speciali
1046 1583 1152 1666 gloria

802 1686 897 1751 nobie
919 1685 1033 1750 confer
1054 1686 1178 1751 celatia

799 1867 938 1956 Angeli,
961 1891 1042 1955 quoa
1065 1874 1257 1957 gravieeima

799 1975 907 2040 carnia
929 1994 994 2041 non
1016 1979 1134 2061 premit
1155 1979 1301 2062 sarcina,
1381 1975 1425 2043 ab

799 2084 893 2141 orate
915 2095 977 2161 pro
999 2078 1181 2145 bominibus

800 2182 862 2245 aab
885 2200 925 2244 ea
942 2181 1173 2248 laborantibus.

799 2355 984 2442 Johannea,
1005 2368 1113 2425 vatum
1137 2362 1290 2443 maxime,

800 2463 965 2545 precantia
986 2466 1089 2529 verba
1111 2465 1243 2549 excipe,

799 2571 835 2628 et
855 2565 1085 2650 prophetarum
1108 2585 1273 2631 numerum
1381 2565 1423 2628 5⁵

800 2666 929 2733 adhoc
950 2668 1053 2733 ascito
1076 2669 1206 2733 socium.

798 2850 913 2930 Petro,
933 2850 1079 2935 piscator
1100 2848 1279 2931 bominum,

799 2960 834 3019 et
853 2952 954 3019 Paule
978 2952 1093 3017 doctor
1114 2951 1276 3034 gentium,

799 3076 871 3125 cum
894 3057 1012 3122 ceteris
1034 3051 1191 3140 apostolia

799 3177 863 3245 ope
880 3158 996 3244 juvate
1015 3160 1123 3225 celeri.
1378 3157 1422 3223 60

799 3338 967 3425 Stephane
990 3359 1062 3406 cum
1082 3337 1275 3421 Laurentio,

797 3460 916 3525 magno
937 3442 1065 3526 praelati
1087 3442 1220 3524 mento,

798 3563 871 3610 cnm
893 3545 994 3608 multa
1016 3545 1111 3608 turba
1132 3549 1312 3625 martyram

797 3666 949 3729 maguum
971 3647 1055 3711 ferte
1076 3645 1272 3731 praesidium.

799 3828 869 3893 Vos
891 3826 1096 3891 coutenacrea
1117 3821 1261 3902 inclitos,
1381 3820 1424 3883 65

799 3930 921 3996 invicta
941 3924 1006 3990 fide
1028 3921 1200 4008 praeditos,

799 4046 1003 4115 nequaquam
1025 4022 1259 4104 obliviscimur,

801 4135 862 4200 sed
884 4132 1003 4199 obnixe
1026 4127 1241 4214 deposcimur,

801 4297 846 4364 Ut
868 4297 923 4381 qui
945 4316 1006 4380 per
1030 4292 1221 4379 temporalia

802 4401 962 4468 annuntia
986 4407 1018 4463 et
1037 4396 1184 4480 fragilia,
1385 4391 1429 4459 '8⁰

801 4504 908 4570 adhuc
929 4520 990 4586 pro
1013 4497 1254 4566 decertantibus

801 4615 891 4674 tauto
914 4605 1039 4670 instetis
1060 4601 1251 4688 promptius.

802 4769 935 4854 Agnes,
958 4767 1094 4849 Thecla,
1117 4763 1265 4846 Caecitia,

802 4870 905 4938 Lucia
926 4890 966 4937 ac
988 4867 1170 4934 Scolaetica

804 4983 838 5039 et
856 4992 966 5039 omues
988 4980 1111 5037 sauctae
1132 4969 1278 5052 virgineo
1366 4962 1429 5028 t'bi

803 5096 866 5162 pro
887 5079 980 5144 nobis
1003 5081 1086 5140 atate
1108 5068 1283 5238 supplicet.
