3250 6517
149 1136 195 1190 tes
220 1126 306 1188 enim
328 1127 503 1209 impetrare
779 1135 833 1199 tac
855 1150 915 1197 nos
938 1149 1019 1214 ergo
1042 1149 1246 1214 conregnare

149 1228 253 1309 idqnid
279 1228 342 1308 vis,
365 1229 523 1309 nobisque
547 1226 626 1290 dare
779 1246 877 1318 atquo
901 1245 1006 1301 tecum
1031 1234 1249 1317 contemplare

150 1353 203 1415 per
227 1341 315 1396 tuam
340 1340 485 1397 sanctam
508 1330 622 1396 filiam:
686 1335 726 1395 1⁵
825 1336 967 1401 coelestis
989 1335 1100 1421 templi
1124 1335 1270 1418 gloriam.

192 1516 397 1587 Strassburger
414 1518 461 1572 lle
481 1518 511 1572 E.
532 1520 592 1574 135.
609 1519 652 1575 Bl.
671 1521 714 1576 78.
733 1522 783 1577 des
802 1524 837 1575 15
854 1523 952 1579 Jahrb.

197 1642 227 1691 12
248 1639 306 1693 loci
324 1635 457 1706 fluminis,
477 1640 524 1694 lls.

588 1960 674 2034 802.
714 1963 771 2034 De
799 1960 931 2034 eudem.

150 2203 222 2273 tuns,
243 2204 349 2261 muter
371 2215 550 2281 generose,
785 2198 831 2263 sis
852 2215 914 2282 pro
936 2197 1030 2261 nobis
1053 2215 1183 2281 semper
1203 2197 1258 2279 pia
1369 2199 1408 2259 15

164 2297 208 2362 diu
229 2299 322 2382 prole
347 2301 492 2382 caruisti,
827 2307 860 2371 in
883 2307 1035 2384 extremis
1058 2305 1170 2370 mortis
1192 2303 1291 2369 horis.

150 2399 174 2462 ed
193 2401 351 2483 processit
374 2421 416 2466 ex
439 2410 570 2467 torosa

163 2504 238 2567 unde
261 2506 409 2587 gaudeus
432 2507 576 2572 extitisti.
784 2493 883 2562 Anna
905 2501 1008 2559 muter
1030 2494 1132 2578 prolis
1155 2491 1264 2575 dignm

830 2597 1002 2677 utrobique
1024 2602 1216 2674 veneretur,

152 2708 227 2757 osam
250 2713 369 2759 novam
392 2702 427 2759 et
449 2702 631 2778 recentem,
712 2698 733 2760 5
786 2701 919 2783 dignum
942 2706 1069 2764 constet
1093 2705 1126 2761 et
1148 2697 1289 2778 insigne,

161 2794 249 2863 Anna
272 2806 402 2880 sanctu,
425 2801 600 2884 peperisti,
830 2810 865 2867 nt
886 2801 957 2865 leus
979 2799 1026 2862 illi
1047 2817 1176 2881 semper
1199 2796 1301 2861 detur.
1368 2796 1410 2859 20

151 2914 220 2962 orem
242 2921 358 2985 purum
380 2908 416 2965 et
437 2900 607 2966 decentem

161 3003 240 3077 tuin
262 3001 414 3067 mundum
437 3003 607 3087 protulisti,
787 2989 836 3056 0b
859 2989 1016 3055 honorem
1038 2987 1150 3052 metris
1173 2986 1227 3051 dei

831 3091 904 3177 ejus
926 3097 1061 3154 matrem
1084 3108 1294 3171 veneremur,

151 3207 200 3256 osa
220 3211 355 3275 recens,
378 3191 440 3257 ilos
464 3192 608 3276 decoris,
787 3196 876 3259 utin
900 3193 984 3258 coelo
1006 3193 1131 3275 requiei

164 3293 229 3358 nudi
249 3312 368 3378 preces
390 3294 596 3378 miserorum,
694 3296 734 3360 10
832 3296 1092 3362 commendemur
1114 3304 1147 3360 et
1170 3293 1317 3361 ditemur.

151 3399 331 3461 ttormentis
354 3418 396 3462 ne
418 3398 566 3463 moeroris

166 3501 332 3564 crumemur
356 3500 563 3566 internorum,
787 3485 905 3552 Ambte
927 3494 1047 3552 matres
1069 3503 1187 3571 preces
1202 3484 1346 3571 tundant,
1369 3487 1410 3550 25

832 3597 867 3654 ut
888 3609 909 3652 a
931 3588 1023 3653 melis
1046 3607 1197 3652 ernamur
1209 3636 1217 3667 ,

151 3686 235 3754 lomen
256 3691 348 3756 tloris
372 3698 422 3755 est
444 3691 567 3771 Muris,
789 3691 844 3757 ubi
864 3692 951 3756 laetae
972 3710 1102 3774 semper
1124 3698 1280 3773 regnaut,
1383 3719 1391 3737 ·

168 3803 258 3857 nater
280 3792 403 3856 Christi
426 3790 614 3873 salvatoris,
834 3794 911 3860 illuc
933 3811 993 3859 nos
1017 3802 1050 3858 et
1073 3793 1296 3878 perducamur,

207 3977 408 4048 Strnssburger
424 3976 472 4030 ns.
491 3974 521 4029 a
541 3976 601 4028 135.
620 3974 664 4029 ΒΙ.
683 3977 726 4029 10.

204 4102 235 4152 25
252 4101 345 4170 ambo,
363 4100 411 4154 lis.
451 4102 487 4153 27
505 4098 614 4169 ubique,
632 4099 680 4153 lis.

578 4473 664 4547 803.
697 4471 754 4543 De
781 4495 809 4541 s.
836 4472 952 4542 Anno.

152 4713 242 4786 issum
261 4720 372 4787 Annae
394 4720 578 4800 sollemnia,
791 4717 896 4781 Maria
918 4716 993 4780 hinc
1014 4715 1200 4800 egreditur,

152 4839 192 4886 ec
211 4826 304 4888 nobis
327 4824 406 4887 dant
428 4821 560 4903 solatia,
792 4820 911 4884 mundo
934 4820 1022 4884 salus
1046 4820 1231 4904 porrigitur.

152 4943 192 4986 nm
213 4927 305 4988 nobis
329 4923 403 5007 ejus
427 4922 495 4986 lilia

152 5029 225 5094 iclita
247 5029 320 5094 tulit
343 5027 472 5111 gandia.
795 5004 902 5072 ΑΜ
925 5013 1001 5070 flata
1024 5006 1169 5088 eligitur,

792 5110 878 5174 hanc
901 5109 1036 5190 angelus
1061 5109 1249 5192 alloquitur,
1378 5109 1418 5173 10

153 5218 221 5285 tvm
243 5215 355 5283 Anuae
378 5211 595 5294 concluditur,
721 5215 740 5274 5
795 5212 905 5275 divina
926 5231 981 5275 res
1003 5211 1180 5275 infunditur

153 5324 266 5388 linitus
290 5319 352 5387 sed
372 5318 525 5400 solvitur,
795 5315 886 5381 lesus
908 5315 1047 5399 posthac
1070 5316 1220 5380 nascitur.
1292 5376 1295 5382 .
