3250 6517
167 1106 214 1171 mc
230 1103 382 1171 uomodo
402 1111 613 1186 manau,

170 1208 372 1273 mtimemtia
393 1207 548 1291 epoiiaria

171 1311 277 1394 patrm
298 1309 426 1375 cuncti!
446 1318 482 1373 ct
503 1309 643 1375 modario.

175 1410 225 1495 eja
244 1411 344 1493 virgo
365 1410 568 1492 verecunda,
752 1412 795 1474 tt

177 1514 239 1581 acio
261 1513 350 1597 quod
370 1524 522 1580 manente
542 1513 661 1594 munda

179 1618 300 1682 multum
323 1624 411 1683 torta
431 1626 509 1684 tuuc
529 1616 655 1702 pudore

181 1737 245 1785 erar
265 1718 449 1803 puellarum
470 1736 569 1785 more.

184 1822 242 1903 pir
262 1839 329 1886 uou
349 1822 434 1887 eciat
454 1820 674 1907 pudibundum

184 1942 216 1987 m
236 1922 300 1989 1100
320 1924 392 2007 pati
412 1923 513 1989 corda
535 1923 708 1988 mandauit
752 1924 794 1988 50

186 2025 277 2108 gaude
299 2034 425 2106 meu,
447 2025 535 2109 quoti
555 2027 629 2091 haeo
649 2045 742 2106 oura,

188 2147 264 2209 qaam
286 2130 445 2193 causabat
467 2128 633 2210 auditura,

147 2230 151 2305 ξ
190 2240 266 2295 mete
286 2230 371 2295 mira
391 2232 574 2316 mitigatur,

147 2374 151 2415 ;
190 2332 253 2398 iem
273 2334 353 2399 iliud
375 2344 540 2417 operatur.

147 2428 149 2457 ³
190 2446 284 2521 agunt
304 2438 364 2503 tibi
384 2438 464 2502 ssavi
485 2438 592 2503 crinea
752 2438 794 2500 ⁶5

191 2548 246 2603 troo
266 2540 517 2622 circumquaque
539 2538 631 2603 tinec.

192 2640 253 2708 iiuic
274 2652 410 2708 tortura)
432 2650 603 2726 coaptatur

192 2740 249 2824 hoc,
269 2743 357 2826 quod
379 2751 435 2808 tua
457 2761 523 2807 vox
544 2751 713 2827 precatur,

193 2853 217 2909 at
234 2854 408 2931 paupertas
429 2844 593 2930 puderoea

192 2950 284 3028 procul
306 2948 404 3016 cedat
426 2960 461 3013 et
482 2948 648 3013 damnosa
752 2950 795 3013 00

412 3164 560 3233 eximio.

192 3320 271 3392 Salve
293 3336 409 3393 tenera
429 3326 556 3411 puella,

191 3430 262 3495 vultu
283 3431 430 3513 flagrans
452 3431 546 3512 quasi
562 3430 674 3513 stella,

189 3533 265 3597 torui
285 3534 361 3601 vice
383 3534 431 3598 aie
452 3534 629 3616 torqueris,

187 3628 311 3717 lapidari
332 3654 408 3699 nam
424 3635 566 3719 juberis,

147 3704 150 3771 Ψ
185 3739 339 3806 multitudo
358 3740 446 3823 quod
466 3758 619 3805 saxorum
754 3745 795 3805 00

185 3844 259 3905 tuam
280 3840 403 3906 vultum
423 3841 649 3925 praedcoorum

184 3950 272 4009 totum
293 3944 422 4027 mulcet,
442 3954 541 4031 caput
561 3945 694 4030 frangat

184 4048 268 4128 teque
291 4049 491 4114 conterendo
513 4057 627 4133 tangat

183 4147 226 4211 ria
244 4158 401 4215 tortorum
420 4152 581 4235 violenta3

184 4246 256 4318 iuter
272 4253 330 4319 illa
350 4254 410 4319 aad
431 4262 593 4320 tormenta
754 4259 797 4323 10

186 4364 264 4420 acuto
286 4356 380 4421 aubia
403 4358 607 4423 obumbraris

186 4462 246 4521 eta
267 4457 400 4523 Christo
422 4459 612 4526 defensoria.

187 4572 247 4624 aorr
267 4578 332 4626 nou
356 4562 440 4627 aciat
460 4569 537 4628 tuuc
557 4572 698 4629 tremore

188 4666 213 4722 te
231 4680 418 4729 coucam
440 4666 605 4749 graviore.

186 4758 254 4846 Apti
275 4774 351 4831 sumt
370 4776 505 4849 rogatus
526 4769 580 4833 iati
755 4774 796 4835 75

186 4862 249 4933 iric
270 4876 424 4950 torturae,
447 4886 530 4952 quoe
553 4870 671 4937 iecisti:

185 4965 255 5034 iotae
277 4971 511 5056 vituperiorum

184 5090 278 5157 aeque
300 5082 422 5141 atruem
441 5077 624 5161 jurgiorum

183 5190 291 5243 utrae
312 5188 387 5244 tuus
408 5182 571 5264 patiatur,

850 1102 951 1170 Salve
974 1103 1108 1189 pulchra
1132 1104 1392 1189 curativum,

848 1209 921 1274 vica
943 1228 1042 1293 pasca
1064 1210 1113 1275 sic
1135 1208 1310 1293 quaterni,

848 1327 922 1374 mox
945 1310 977 1373 in
999 1328 1079 1375 vaae
1101 1309 1289 1391 collocaris,

847 1412 901 1476 ubi
923 1412 1006 1477 faece
1028 1412 1236 1481 circumdaris

848 1532 918 1578 cum
942 1513 1067 1596 liquore
1089 1514 1198 1580 oleato
1427 1511 1473 1578 80

847 1624 882 1682 et
904 1616 946 1682 ad
968 1619 1077 1701 ignem
1099 1626 1245 1685 cauato.

847 1718 907 1783 aad
929 1722 977 1784 sic
1001 1723 1147 1802 quamvis
1170 1722 1215 1785 sis
1238 1720 1364 1803 iocata,

848 1821 953 1906 spiras
977 1822 1065 1887 velut
1087 1822 1282 1904 balsamata,

847 1930 883 1986 ut
904 1932 1061 2004 peruncta
1082 1924 1128 1987 eia
1151 1930 1324 2005 unguento.

847 2024 966 2108 gaude,
989 2045 1062 2107 quac
1084 2027 1116 2089 iu
1140 2027 1202 2091 hoo
1228 2032 1385 2090 tormento
1431 2025 1475 2090 90

847 2128 897 2193 aio
918 2128 1020 2191 illaesa
1042 2127 1247 2212 permansisti

848 2239 882 2295 ct
903 2230 1029 2295 ardoris
1050 2232 1097 2295 aii
1119 2230 1262 2311 sensisti,

848 2351 939 2398 ceses
961 2333 1067 2397 statim
1090 2333 1265 2415 suffocata,

847 2439 908 2502 nisi
930 2439 1018 2503 iores
1041 2440 1219 2505 defensata

846 2536 974 2605 Ustioni
994 2542 1179 2624 personali,
1430 2536 1473 2600 05

848 2640 912 2705 iaci
934 2642 1041 2705 caruis
1065 2642 1113 2705 sic
1134 2640 1226 2705 totali

846 2749 955 2825 potest
977 2760 1051 2805 esse
1073 2748 1244 2824 coaptatus

849 2852 922 2909 tuus
944 2850 1076 2925 quartus
1098 2843 1276 2923 rogitatus,

848 2947 953 3010 servis
974 2945 1037 3009 tuis
1058 2945 1091 3007 iu
1109 2941 1252 3028 percont

848 3046 935 3129 quod
958 3044 1134 3111 succedant
1157 3051 1272 3108 cuncta
1290 3043 1385 3107 bona.
1409 3036 1473 3103 100

849 3337 949 3405 Salve
972 3345 1097 3421 martyr
1119 3333 1306 3400 veneranda

848 3452 882 3507 et
905 3462 925 3507 a
947 3442 1069 3507 cunctis
1092 3438 1297 3519 honoranda,

848 3544 959 3627 quinta
981 3545 1054 3609 vico
1076 3545 1124 3609 sic
1147 3542 1324 3624 torqueris,

848 3649 881 3711 in
903 3646 1028 3710 tortura
1052 3644 1139 3727 quod
1160 3644 1318 3728 proceris.

847 3748 1010 3812 vinculata
1031 3745 1228 3825 carceraria,
1449 3745 1471 3806 0

848 3857 1017 3916 carcerata
1039 3848 1230 3927 maceraris,

848 3957 918 4019 aine
942 3955 1134 4019 nutrimento
1156 3952 1220 4017 cibi

848 4059 949 4121 tribus
971 4064 1021 4119 ter
1044 4053 1159 4117 diebus
1182 4052 1234 4115 ibi.

849 4158 971 4242 gaude,
995 4176 1067 4240 quae
1090 4156 1138 4219 aio
1159 4154 1320 4236 castigata

849 4279 885 4326 ca
908 4282 927 4325 a
950 4259 1014 4323 deo
1036 4257 1183 4335 visitata,
1432 4256 1474 4321 10

849 4382 954 4447 aquo
977 4364 1030 4446 pie
1053 4359 1247 4439 consolaris,

848 4486 933 4551 pane
957 4464 1030 4529 coeli
1053 4471 1087 4526 tu
1105 4460 1238 4539 cibario,

849 4588 963 4635 carcer
985 4582 1113 4648 quoque
1136 4564 1328 4627 tenebrosae

849 4672 886 4735 iit
909 4670 1015 4734 divine
1039 4684 1223 4731 serenoeuo.

850 4774 901 4840 Illi
923 4774 996 4838 cibo
1019 4770 1179 4835 carcerali
1217 4798 1221 4806 ·
1433 4762 1474 4834 1⁵

851 4875 954 4941 tormit
977 4882 1085 4958 potest
1106 4877 1166 4939 aab
1188 4873 1307 4953 aequali

852 4981 1000 5063 adaptari
1022 4980 1182 5061 rogitatus

853 5082 963 5164 quinto
986 5078 1028 5144 ad
1051 5079 1115 5144 hoc
1137 5079 1200 5143 deo
1223 5077 1332 5156 datur,

852 5194 886 5248 te
909 5184 1053 5249 colentes
1076 5181 1223 5245 morituri

178 5296 237 5346 aec
258 5280 383 5349 eisdem
404 5284 628 5354 contundatur.
757 5288 801 5353 80
854 5304 973 5370 corpus
995 5283 1116 5350 Christi
1139 5283 1202 5346 siut
1224 5281 1391 5364 sumpturi.
1435 5283 1479 5346 2⁰
