3250 6517
212 954 280 1022 500

216 1140 317 1205 vincit
338 1137 398 1204 sul
419 1133 597 1215 cantilena,

217 1263 312 1327 quam
335 1247 510 1325 sequentes
531 1237 765 1317 condecenter,

216 1344 390 1427 diligenter
412 1348 446 1404 et
468 1337 622 1404 ardenter

259 1447 411 1512 dilectum
435 1442 672 1530 amplectimini.

892 1150 1030 1216 oquam
1051 1132 1156 1200 dulcia
1179 1152 1232 1217 es,
1253 1152 1276 1201 o
1298 1137 1399 1219 deus,

935 1243 1011 1319 post
1032 1242 1065 1299 te
1087 1235 1243 1300 ardenter
1264 1240 1429 1305 mni-u

892 1438 1090 1507 Aestuantes
1112 1463 1184 1528 prae
1207 1463 1321 1511 amore
1466 1448 1500 1512 20

762 1542 767 1548 ’
892 1562 951 1610 nos
974 1563 1158 1630 consperge
1181 1546 1269 1614 dulci
1291 1567 1385 1634 rore,

215 1652 326 1716 Dulcis
348 1667 496 1734 sponsus,
518 1649 574 1731 qui
594 1664 656 1712 vos
674 1653 769 1729 amat,
793 1647 836 1711 85

216 1755 265 1818 sic
285 1752 328 1818 ad
350 1769 411 1817 vos
434 1751 475 1816 ds
498 1751 616 1816 throno
637 1750 773 1815 clamat:

219 1872 260 1939 „o
283 1852 412 1918 dilectae
435 1851 642 1932 consodales,

218 1972 349 2039 sponsae
371 1972 452 2017 mem
474 1952 654 2037 speciales,

123 2097 124 2100 =
217 2077 269 2121 me
291 2057 412 2138 videte,
436 2075 487 2119 me
508 2055 645 2136 habete,

217 2169 335 2224 memet
355 2160 459 2242 ipsum
483 2156 663 2242 possidete,
799 2160 841 2224 90

262 2261 396 2342 sentite,
419 2280 469 2325 me
491 2261 648 2324 fruemini.

217 2461 282 2528 Per
303 2482 354 2527 me
375 2465 478 2548 ipsum
501 2483 561 2529 vos
580 2464 760 2549 amplector

217 2575 251 2631 et
271 2567 438 2632 vobiscum
462 2567 683 2650 condelector,

217 2685 237 2734 o
260 2670 430 2752 victrices,
453 2687 473 2734 o
496 2670 625 2754 felices,

216 2792 298 2837 meae
321 2791 408 2838 carae
431 2774 627 2858 dilectrices,
798 2780 839 2842 95

217 2882 344 2958 gratam
366 2875 460 2940 vobis
482 2877 586 2941 vicem
606 2895 705 2960 gero,

216 2986 327 3041 vester
349 2994 413 3060 ego
436 2996 506 3042 sum
528 2986 562 3042 et
583 2998 641 3045 ero

258 3102 310 3146 me
332 3100 485 3165 sponsum
508 3080 725 3148 osculamini“.

214 3287 271 3354 Ad
293 3290 378 3355 hanc
398 3310 526 3373 vocem,
549 3311 570 3358 o
593 3294 743 3380 athletae,

215 3392 309 3456 laetas
331 3410 427 3455 aures
450 3391 614 3475 adhibete,

215 3493 292 3577 quid
315 3493 479 3574 decantet,
501 3497 684 3579 peraudite,

215 3604 249 3663 et
269 3605 345 3682 post
365 3596 473 3660 mitem
497 3616 614 3680 agnum
635 3600 681 3664 ite

214 3702 309 3767 novis
331 3701 421 3766 stolis
444 3700 622 3786 decoratae,

213 3813 289 3890 post
312 3804 464 3870 dilectum
486 3807 650 3872 ambulate

258 3915 412 3973 canentes
435 3928 506 3974 enm
528 3911 687 3994 tripudio:
818 3918 838 3979 5

776 3399 839 3462 100

215 4095 298 4181 ,teja
320 4097 416 4163 modo
435 4099 629 4185 jubilemus,

212 4201 341 4268 laudem
364 4201 427 4268 deo
451 4203 672 4289 decantemus,
708 4265 715 4277 .

213 4307 265 4388 qni
289 4328 309 4372 a
331 4306 448 4372 mundo
471 4327 530 4372 nos
552 4311 694 4393 protexit

213 4416 247 4472 et
268 4429 289 4473 a
309 4409 429 4474 mundo
451 4428 511 4475 nos
533 4412 730 4495 transvexit,

211 4526 272 4572 nos
295 4507 335 4573 de
359 4510 454 4573 terris
477 4510 648 4592 adjuvavit
792 4515 833 4578 10

212 4618 245 4674 et
267 4609 299 4672 in
322 4611 413 4674 coelis
435 4613 620 4694 coronavit,

255 4731 315 4777 nos
337 4712 472 4795 implens
496 4716 581 4778 omni
599 4715 728 4796 gaudio.

210 4902 399 4968 Exultemus
422 4908 456 4965 et
479 4901 625 4966 laetemur

210 5014 243 5070 et
266 5023 335 5070 oum
355 5022 441 5086 agno
460 5003 690 5088 jocundemur,

211 5107 420 5189 delectemur,
445 5108 627 5192 epulemur,
792 5112 831 5174 15

208 5227 295 5273 novo
319 5218 414 5273 cantu
437 5209 653 5290 modulemur,

207 5311 262 5377 hie
283 5319 333 5376 est
355 5332 456 5377 annus
474 5313 645 5398 jubilaeus,

892 1664 1012 1730 sponse
1033 1655 1146 1712 noster
1165 1648 1362 1734 perdilecto,

892 1747 985 1812 trahe
1007 1765 1067 1815 nos
1088 1756 1165 1833 post
1186 1757 1220 1814 te
1242 1750 1384 1836 directe,

892 1858 925 1914 te
947 1851 1083 1933 sitimus,
1105 1859 1139 1916 te
1161 1853 1335 1937 sentimus,

891 1953 923 2016 in
946 1961 1113 2019 cortuum
1136 1972 1248 2021 omnes
1269 1958 1369 2042 imus,
1464 1960 1500 2023 2⁵

935 2052 977 2118 de
998 2053 1084 2119 veut
1105 2056 1184 2121 vitae
1206 2057 1356 2123 bibimus.

891 2255 929 2322 In
951 2265 983 2320 te
1006 2275 1119 2321 omnes
1141 2276 1396 2344 commoramur,

892 2366 925 2423 to
946 2360 979 2423 in
1001 2361 1095 2425 uobis
1117 2362 1360 2447 amplexamur,

891 2465 1014 2530 vultum
1036 2475 1122 2532 tuum
1144 2470 1418 2555 contemplamur,

892 2586 986 2648 quem
1009 2578 1155 2633 amantes
1177 2569 1412 2640 inflammamur
1468 2574 1503 2637 30

891 2678 925 2734 et
947 2687 1012 2734 non
1034 2672 1114 2734 satis
1136 2672 1350 2756 admiramur,

892 2789 956 2854 qno
979 2775 1145 2838 nonsatis
1168 2776 1340 2858 salimur,

935 2875 1067 2941 excedis
1090 2879 1173 2942 enim
1197 2881 1315 2944 omnia

894 3077 974 3143 (lum
995 3080 1050 3145 tud
1071 3089 1174 3147 matre
1199 3082 1322 3167 illaria,

893 3201 967 3263 quae
988 3201 1048 3248 uos
1070 3186 1167 3267 praeit
1188 3185 1254 3253 hac
1274 3188 1309 3253 in
1332 3189 1401 3272 via,
1471 3190 1508 3254 05

891 3293 1004 3349 nostro
1027 3283 1141 3351 damus
1162 3287 1338 3373 salvatori,

890 3405 953 3471 pro
976 3406 1041 3470 quo
1061 3389 1122 3455 fnit
1143 3388 1239 3456 dulce
1261 3393 1363 3475 mori,

892 3492 946 3574 qui
964 3491 1095 3575 juvisti,
1117 3494 1172 3575 qui
1194 3494 1318 3578 vicisti,

892 3594 945 3676 qui
971 3595 1012 3658 ad
1035 3604 1068 3659 te
1090 3613 1152 3661 nos
1173 3599 1382 3680 pertraxisti,

934 3698 977 3763 sit
998 3698 1055 3762 tibi
1077 3697 1148 3764 lans
1174 3708 1207 3765 et
1228 3697 1370 3783 gloria}
1472 3703 1510 3768 ll

891 3884 918 3950 0
940 3888 1085 3971 insignes
1106 3906 1237 3973 sponsae
1260 3890 1334 3976 dei,

889 3999 1084 4056 mementote
1106 4010 1219 4074 quaeso
1242 3995 1323 4076 mei,

889 4112 956 4159 non
977 4095 1019 4157 sit
1039 4095 1134 4159 vobis
1155 4095 1220 4160 hoo
1241 4097 1413 4182 indiguum

888 4200 1092 4282 paupertatis
1113 4219 1196 4267 meae
1217 4201 1364 4286 signum,
1497 4228 1500 4234 ⁴

888 4302 1016 4368 sithoc
1038 4305 1133 4369 vobis
1155 4324 1287 4371 emman
1310 4325 1440 4390 earum,
1469 4306 1505 4370 tt

888 4406 1034 4488 quamvis
1056 4427 1194 4490 parvum
1216 4412 1367 4492 quamvis
1388 4429 1504 4495 perun,

931 4508 1035 4574 ollero
1057 4527 1130 4575 cum
1149 4510 1275 4576 laetitia

888 4696 914 4762 0
936 4699 1108 4782 preclarae
1130 4715 1191 4762 vos
1212 4700 1350 4784 puellae,

887 4821 972 4867 nunc
993 4800 1125 4884 impleta
1146 4821 1253 4866 meum
1274 4806 1385 4888 velle,

887 4905 962 4969 dnm
983 4924 1035 4968 me
1056 4905 1168 4968 mortis
1191 4914 1289 4990 urget
1312 4908 1405 4993 hora,
1467 4909 1501 4973 ll

887 5007 1055 5073 subvenite
1077 5007 1147 5071 sine
1168 5007 1276 5091 mord,

886 5110 918 5173 in
940 5117 1004 5173 tam
1028 5109 1123 5191 gravi
1146 5116 1343 5192 tempestate

885 5231 936 5276 me
958 5218 1139 5295 praesentes
1162 5211 1334 5278 defensate

931 5335 950 5380 a
973 5314 1153 5380 daemonnm
1173 5315 1337 5381 instantia
1463 5330 1468 5345 ·
