3250 6517
358 1325 443 1399 964.
473 1324 531 1394 lle
555 1347 583 1393 a.
609 1318 779 1392 Heinrico
805 1319 888 1416 imm
914 1313 959 1388 ad
986 1338 1081 1415 vesp
1109 1313 1271 1417 lymuua

167 1562 259 1628 Vuae
282 1581 366 1627 nune
388 1560 511 1625 celabri
844 1559 918 1624 Post
939 1575 996 1622 rea
1015 1556 1168 1641 apparuit

170 1678 321 1727 canamus
344 1661 445 1724 incliti
842 1662 903 1744 illi,
927 1662 980 1744 qui
1003 1661 1120 1726 claruit

168 1766 244 1830 laeta
267 1765 432 1848 praeeonia
790 1798 795 1809 ν
843 1763 950 1829 multis
973 1764 1145 1828 virtutibus

168 1867 278 1932 debita
300 1865 406 1948 gloria
845 1876 878 1931 et
901 1865 1022 1929 Christi
1043 1865 1210 1948 laudibus,
1414 1864 1445 1925 at

168 1969 311 2035 lleinriei
334 1969 485 2049 caesaris,
845 1968 930 2053 quod
954 1970 1179 2052 apparuerat,'
1444 1960 1449 1991 '

170 2075 224 2157 qui
247 2073 347 2154 signis
366 2070 465 2134 variis
716 2069 723 2085 '
844 2071 962 2135 inscius
987 2070 1107 2151 luerat,

171 2173 316 2239 clarebat
338 2183 371 2237 et
393 2171 560 2236 miraculis.
844 2178 992 2255 posttea
1013 2189 1116 2238 aanor
1138 2182 1342 2259 peraeperat

170 2358 232 2424 llie
254 2357 458 2422 laudabiliter
845 2360 980 2425 Devotis
1005 2357 1159 2426 cordibus

169 2462 252 2525 vixit
273 2470 307 2524 et
329 2460 486 2543 suaviter,
846 2472 880 2528 et
901 2463 990 2547 puris
1008 2462 1168 2526 mentibus
1416 2458 1448 2523 ll

171 2565 215 2629 nil
238 2564 425 2629 transitoria
846 2565 942 2649 hujus
965 2564 1124 2630 eoelieolaa

172 2669 297 2732 curavit
319 2666 454 2750 gaudia,
846 2669 933 2732 valle
954 2668 1094 2731 miseriae

172 2772 282 2836 divina
304 2769 420 2851 coluit,
846 2790 1017 2855 precemur
1038 2761 1180 2854 veniam,

171 2892 229 2941 cor
251 2893 365 2959 purum
387 2872 512 2955 habuit,
846 2885 882 2941 ut
903 2877 998 2939 nobis
1020 2874 1160 2957 gratiam

170 2978 256 3041 viam
279 2976 390 3040 salutis
413 2959 544 3038 tenuit.¹
847 2981 998 3064 impetret
1019 2979 1095 3044 laeta
1118 2977 1274 3046 eoelieam.
1420 2974 1453 3040 ll

171 3164 369 3228 Restaurans
391 3167 506 3224 vetera
754 3161 793 3224 15
844 3167 899 3233 sit
920 3169 1006 3252 patri
1028 3167 1152 3252 gloria,

173 3286 244 3332 cum
266 3274 373 3330 mente
395 3264 498 3328 libera
505 3310 514 3345 ,
847 3294 908 3358 per
931 3293 1025 3356 quem
1048 3270 1187 3337 victoria

172 3369 356 3452 templaque
379 3367 457 3430 vilia
850 3372 944 3438 datur
966 3372 1118 3438 fidelibus

173 3473 250 3538 lecit
272 3470 377 3550 utilia,
848 3477 903 3542 hie
924 3477 1135 3560 patientibus,

172 3596 233 3660 per
257 3572 375 3637 Christi
398 3571 535 3657 gloriam
849 3580 920 3644 laus
942 3579 1014 3660 ejus
1032 3576 1100 3643 filio

173 3679 313 3743 divinam
335 3676 472 3758 gratiam
754 3678 795 3742 20
849 3684 891 3746 ait
908 3681 1088 3762 unigenito,

173 3784 289 3850 meruit
311 3783 418 3848 hicet
440 3781 585 3866 patriam.
849 3785 953 3849 honor
975 3791 1088 3849 saneto
1110 3783 1281 3867 paraclito.

261 3970 309 4024 lla.
328 3986 362 4023 ru
381 3968 410 4025 S.
429 3967 501 4023 Paul
518 3967 546 4022 iu
565 3966 691 4022 Kiruten
715 3965 769 4022 tto.
787 3969 830 4020 57.
855 3969 888 4020 15
907 3967 1004 4022 tauta
1027 3965 1078 4022 mit
1095 3965 1146 4021 der
1163 3964 1286 4022 llelodie
1305 3969 1369 4039 (Α)
1401 3963 1453 4020 are

174 4058 246 4112 viar.
266 4056 350 4113 Buril
369 4072 426 4111 aee.
446 4058 487 4110 15.
505 4052 556 4111 fel
570 4055 605 4108 89
623 4055 689 4124 (Β),
724 4054 862 4124 Darselbe
880 4052 1098 4124 Stropheumaaa
1116 4054 1168 4111 luat
1185 4052 1240 4110 No.
1259 4055 1321 4109 384.
1451 4064 1456 4075 ’

262 4182 295 4232 at
315 4177 360 4233 hie
379 4176 451 4234 fehlt
468 4179 500 4233 A.
535 4180 571 4231 22
589 4180 655 4248 port
674 4193 730 4231 aaa
758 4175 788 4230 S.
807 4175 859 4230 No.
876 4175 937 4243 966,
956 4176 1001 4228 13.

520 4513 606 4586 965.
642 4512 700 4583 lle
726 4536 755 4581 a.
780 4511 964 4582 Heinrieo.
1006 4511 1128 4581 oratio.

176 4740 287 4827 Rogo,
311 4742 388 4807 felix
412 4740 622 4825 adamitae,
852 4739 889 4806 lu
911 4740 1063 4804 extremit
1086 4737 1282 4824 adjuvamen

178 4843 270 4912 auier
291 4847 393 4930 partis
415 4846 551 4911 inimieae
853 4838 886 4906 e't
906 4841 1008 4906 ruiuae
1031 4841 1218 4907 relevamen

220 4947 315 5013 dolos
337 4968 377 5014 aa
398 4949 577 5032 fallaciam,
896 4965 995 5030 prece
1017 4954 1073 5010 tua
1095 4946 1219 5029 tribue,

178 5059 212 5118 et
233 5059 418 5119 cunctorum
437 5050 626 5116 delietorum
852 5060 887 5115 ut
909 5049 1072 5134 eonjuneti
1094 5051 1265 5116 beatorum
1430 5040 1461 5105 ¹⁰

177 5155 211 5220 in
232 5153 296 5218 hae
316 5152 384 5217 vita
406 5153 646 5218 commissorum
778 5153 797 5214 5
851 5152 931 5218 sorti
952 5152 986 5217 iu
1007 5167 1113 5235 reguo
1135 5151 1294 5221 euterun

221 5253 314 5320 nobis
335 5271 436 5339 poree
456 5254 592 5318 veniam
894 5256 1042 5321 lutemr
1063 5263 1235 5340 perpetuo.

1491 4862 1493 4899 l

1444 4898 1493 4933 tl¹
