3250 6517
151 1139 227 1202 ricus
249 1137 290 1200 de
312 1138 420 1220 gustis
689 1141 781 1205 nobis
804 1142 837 1204 in
860 1142 1146 1225 cur-sutempcris,

151 1242 201 1305 ‚mr
224 1241 312 1306 dicta
333 1244 454 1325 gratis,
732 1242 822 1308 finito
845 1263 940 1309 cursu
963 1245 1077 1326 gloria.

151 1343 278 1407 sudeus
300 1344 411 1408 laetitia

153 1448 161 1508 i
183 1448 244 1510 sub
267 1446 449 1529 praescntis.
685 1431 766 1497 010⁸ss
785 1433 900 1497 Mariae
923 1434 991 1500 fili⁰

729 1533 800 1598 laus
824 1533 928 1598 honor
951 1537 993 1599 sit
1015 1545 1049 1599 et
1071 1537 1191 1618 gloria,

151 1657 156 1698 ι
179 1654 217 1700 se
239 1637 467 1719 conspectibus
593 1639 634 1700 25
686 1636 740 1716 qui
762 1654 822 1698 nos
845 1640 886 1701 ab
910 1637 973 1701 hcc
995 1639 1097 1701 exitio
1268 1639 1310 1701 35

153 1748 226 1802 ntes
248 1746 352 1804 mater
373 1739 457 1818 filis,
730 1743 844 1806 ductos
866 1743 954 1807 locet
974 1745 1006 1806 in
1029 1745 1145 1827 patria.

151 1863 170 1905 n
194 1842 306 1908 Jesum
328 1843 469 1907 uultibus

150 1953 184 2007 „t
206 1945 392 2009 ineffabilia,
567 2006 570 2012 ⁵
685 1928 772 1995 Lsus
795 1932 838 1993 sit
859 1930 974 1993 Mariae
997 1929 1078 2012 tilio,

730 2032 833 2097 dulcis
855 2031 962 2097 Annae
984 2034 1154 2116 nepotulo,

151 2134 210 2196 ntis
230 2134 340 2215 fulges
362 2133 501 2215 meritis,
687 2137 740 2217 qui
763 2154 823 2199 nos
846 2139 887 2200 ab
912 2136 974 2200 hoc
997 2137 1094 2201 exitio

151 2255 169 2297 e
192 2234 331 2298 donetur
353 2235 458 2317 gratis
592 2236 633 2298 30
730 2245 852 2301 tractos
877 2257 913 2300 se
935 2245 1027 2321 potet
1051 2239 1179 2321 poculo.
1267 2239 1311 2302 to

151 2433 244 2503 rgeils.
263 2434 317 2488 Nc.
336 2435 389 2487 940
406 2450 441 2487 zu
456 2433 625 2502 Darmstadt‚
643 2435 693 2489 mit
711 2435 762 2490 der
780 2436 914 2505 Heledus,
934 2440 968 2492 tt
983 2439 1082 2495 ishrh.

151 2575 172 2627 6.
200 2572 353 2639 transitus,
372 2572 491 2646 σήμερον
508 2576 620 2643 μετέστη
639 2572 710 2647 πρὸς
728 2572 775 2642 τήν
793 2573 867 2644 ζωήν.
895 2575 950 2631 tul.
967 2579 1011 2629 25.

151 2664 171 2714 9.
198 2660 235 2714 ad
254 2660 358 2728 coelcs,
389 2659 478 2732 priris»
504 2658 628 2735 ἀρθεῖσα
655 2660 725 2735 πρὸς
749 2661 783 2716 τὰ
807 2660 922 2737 οὐράνια
948 2668 1194 2738 συνευφραινομένη
1212 2663 1316 2736 δήμοις

151 2750 211 2803 λων.
237 2747 293 2803 Jul.
311 2751 355 2801 25.

151 2842 195 2892 25.
223 2835 345 2908 ’Imcxcip
362 2841 408 2891 καὶ
423 2834 505 2894 Ἄννα
522 2836 704 2908 μεταστάντες
722 2836 793 2911 πρὸς
811 2835 956 2911 deportans
974 2840 1073 2907 usmis
1096 2839 1147 2894 σὺν
1170 2835 1202 2910 τῇ
1220 2834 1313 2911 cissis

151 2923 351 3001 ὑπιραχριὶηῳ
370 2928 504 3000 παρθένῳ
522 2926 579 2995 μετ’
597 2922 719 2996 ἀγγέλων
737 2923 901 3002 χορεύουσι1
922 2925 979 2980 tut
995 2929 1038 2980 25.

477 3279 561 3352 793.
591 3278 649 3349 De
673 3303 701 3348 s.
727 3279 845 3349 Anna.
872 3229 874 3233 Ι

151 3511 213 3574 rive
236 3519 349 3574 sancta
369 3509 479 3593 Anna,
684 3508 784 3593 Legis
806 3531 944 3594 namque
966 3514 1169 3581 maledictum

151 3633 167 3675 n
189 3611 292 3676 habes
314 3615 436 3694 gratia,
727 3615 850 3698 patitur
873 3617 1025 3681 sterilitas

151 3737 237 3780 erum
260 3717 332 3780 coeli
355 3737 470 3779 manna
684 3713 896 3798 Joachimque
920 3719 967 3784 sic
990 3719 1143 3785 astrictum

168 3821 295 3903 profert
317 3819 392 3883 tilia.
727 3819 805 3882 iecit
825 3820 1059 3886 inioecunditas.
1265 3825 1307 3889 20

153 4010 220 4072 vita
245 4009 388 4073 meruisti
612 4011 631 4071 5
684 4004 784 4069 Salve
807 4002 919 4086 Anna,
942 4025 1071 4091 semper
1094 4007 1220 4092 gaude,

150 4110 241 4176 radix
266 4112 433 4193 germinis,
729 4106 784 4170 tibi
806 4125 944 4188 namque
968 4106 1114 4171 dominus
1308 4184 1311 4191 Ι

151 4214 239 4276 »divit
261 4214 366 4277 carnis
390 4213 509 4277 Christi
685 4209 835 4291 angelum
858 4210 1047 4292 transmisit,
1071 4210 1209 4295 plaude,
1308 4259 1312 4287 -,

151 4320 175 4382 te
198 4317 278 4381 sscre
302 4318 444 4398 uirginis.
728 4313 803 4393 quis
825 4313 1028 4378 nihilominus

151 4515 232 4569 rater
256 4503 416 4567 Samuelis
683 4502 833 4568 Jcschim
855 4513 906 4567 est
928 4504 1120 4589 destinatus,
1266 4511 1307 4571 25

170 4609 312 4692 gliscens
336 4608 450 4690 filium,
592 4608 630 4670 10
728 4609 840 4671 umbos
863 4625 923 4671 vos
946 4608 1116 4675 laetiiicans

151 4711 320 4775 ›manneiis
684 4707 725 4771 dc
748 4707 919 4790 futuraque
942 4709 1059 4774 affatus

173 4814 420 4896 improperium,
727 4812 840 4877 sobole
862 4812 1056 4879 certificans.

151 5009 188 5072 ni
209 5005 298 5090 quod
320 5005 483 5088 objectum
684 5000 764 5065 Viro
782 5008 839 5065 tue
860 5001 1054 5080 occurristi,

165 5110 403 5178 contribulibus
728 5105 864 5186 angelus
886 5112 923 5169 ut
938 5105 1074 5186 monuit,
1193 5155 1196 5160 .
1265 5103 1307 5165 30

150 5213 302 5281 Joschim
324 5212 484 5295 abjectum
592 5215 632 5273 15
684 5207 856 5294 gravidata
877 5209 1037 5292 peperisti

151 5321 162 5383 i
184 5340 205 5384 a
227 5317 413 5384 cultoribus
726 5314 841 5396 filiam,
864 5332 938 5395 quse
959 5312 1071 5394 genuit
