3250 6517
163 942 229 1009 412

227 1134 317 1216 regis
340 1149 420 1197 auro
442 1130 590 1198 redimita
745 1131 785 1194 15

266 1237 299 1301 in
324 1256 523 1319 gemmarum
546 1235 667 1300 ordine.

227 1370 359 1436 Lubens
382 1379 473 1436 caret
495 1371 603 1455 empta
626 1391 722 1455 care,

229 1473 267 1538 lit
289 1474 427 1556 emptori
448 1473 621 1556 luminare,

229 1575 471 1640 fundamentum
494 1577 650 1659 angulare

267 1678 324 1742 tali
346 1678 468 1761 gaudet
489 1679 616 1743 lumine.
744 1681 787 1743 20
828 1687 830 1690 ’

164 1848 194 1927 ι.
226 1863 285 1926 vis
304 1862 345 1927 ne
366 1848 443 1927 forti
464 1865 598 1928 munere

229 1967 313 2032 scire
335 1968 476 2030 verum?
498 1967 570 2031 haec
592 1975 642 2031 est
663 1987 743 2031 vere

231 2070 343 2152 digna,
366 2088 483 2133 nomen
505 2070 568 2134 hcc
591 2070 729 2153 habere,

230 2173 271 2236 de
295 2191 358 2254 quc
380 2175 503 2256 scripta
525 2173 708 2257 praedixere

269 2274 344 2338 libri
367 2275 551 2357 sapientiae3
745 2276 786 2338 25

223 2409 350 2476 Fusnm
375 2418 466 2476 rorat
482 2412 687 2494 Margarets,

230 2515 329 2577 'vitem
354 2514 430 2578 colit
452 2516 527 2579 uino
550 2515 649 2595 freta,

232 2618 295 2682 dec
322 2620 423 2682 servit
446 2639 543 2684 carne
566 2628 691 2701 spreta,

231 2721 355 2802 spernit
375 2720 495 2803 judicis
518 2719 651 2786 decreta

229 2824 345 2887 cultrix
363 2824 536 2907 pudicitiae.
744 2823 787 2886 30

164 3017 195 3078 ὅ.
226 3013 323 3078 Gaesa
345 3013 481 3078 flammis
504 3022 576 3078 usta
598 3013 714 3097 piceis,

229 3118 376 3202 pendens
401 3118 490 3182 uncis
514 3117 618 3181 fracta
640 3115 766 3196 terreis,

267 3220 369 3284 imbre
393 3219 466 3283 fuso
490 3219 670 3301 sanguinis,

229 3354 311 3421 Fide
335 3357 441 3420 cincta
463 3374 559 3420 cruce
582 3353 707 3439 praevib

232 3460 319 3525 bella
342 3466 475 3543 superat
497 3459 628 3522 hostilia
745 3457 788 3520 ³⁵

218 3595 222 3601 -
269 3562 424 3626 daemonis
448 3570 481 3625 et
503 3561 648 3625 hominis.

167 3717 198 3818 c.
228 3751 308 3817 llaec
331 3761 381 3815 est
403 3752 521 3816 dextra
544 3751 688 3834 deitatis,

233 3855 314 3921 dans
337 3855 470 3920 infirmis
494 3856 579 3920 dona
601 3856 727 3938 gratis,

908 1138 1066 1197 monstrat
1086 1148 1170 1216 opus
1193 1135 1344 1202 novitatis

945 1235 1098 1301 virtutum
1119 1238 1301 1320 magnalia:
1406 1235 1435 1299 11

905 1370 1014 1437 Sexus
1035 1373 1138 1457 levis,
1158 1374 1267 1441 mollis
1289 1383 1366 1441 retas

903 1475 1012 1558 legem
1035 1476 1121 1542 subit
1144 1486 1222 1543 ante
1245 1485 1362 1562 metas,

905 1597 980 1643 nam
1002 1577 1154 1644 doctores
1177 1572 1213 1646 et¹
1233 1581 1403 1667 propbetas

944 1689 1033 1747 tenet
1053 1683 1086 1748 in
1108 1685 1276 1751 memoria

842 1875 872 1936 7.
903 1869 946 1938 Ει
965 1871 999 1935 in
1021 1872 1130 1937 carnis
1153 1872 1260 1958 obitu,
1409 1871 1439 1935 c

905 1990 1002 2039 sacro
1023 1974 1138 2039 valens
1160 1977 1293 2060 spiritu,

943 2083 1018 2138 crat
1038 2094 1101 2158 pro
1123 2077 1284 2162 ecclesia,

904 2211 970 2276 Pro
992 2211 1044 2277 bis
1062 2213 1298 2296 abundantius,

908 2333 968 2380 sua
990 2317 1165 2400 specialius

947 2421 1001 2502 qui
1022 2427 1137 2505 petunt
1159 2423 1327 2507 suffragia.
1409 2418 1438 2482 u

840 2606 871 2669 8.
905 2603 1054 2689 Spondet
1073 2626 1206 2691 precem
1228 2626 1349 2694 sponsa
1368 2607 1424 2686 dei,

906 2727 966 2772 rex
988 2707 1136 2773 alludens
1158 2711 1284 2792 speciei

906 2818 1068 2894 tamquam
1091 2831 1230 2896 sponsus
1252 2814 1344 2878 lavet
1363 2813 1391 2876 ei
1474 2812 1476 2817 '

945 2931 1007 2996 pro
1030 2913 1297 2980 adolescentulis:

908 3044 1001 3112 Hanc
1014 3068 1184 3132 precemur
1200 3069 1261 3135 spe
1281 3051 1399 3132 salutis,
1411 3045 1438 3108 5⁵

907 3159 943 3216 ut
963 3152 996 3215 in
1014 3151 1097 3217 hora
1118 3156 1296 3221 senectutis
1456 3156 1459 3161 '

906 3272 967 3321 nos
990 3255 1146 3322 defendat
1168 3278 1189 3322 a
1212 3259 1367 3336 versutis,

946 3375 1100 3440 sponsum
1121 3361 1276 3446 placans,
1300 3359 1414 3428 osculis·

845 3546 875 3608 9.
906 3541 1011 3608 'lanta
1032 3545 1074 3609 sit
1096 3546 1253 3630 victoria,

911 3663 1032 3710 summo
1056 3647 1128 3729 regi
1150 3647 1259 3729 gloria
1413 3639 1442 3704 tt

909 3755 943 3812 et
964 3767 1085 3831 sponso
1107 3750 1270 3832 virginum
1476 3817 1480 3829 ,

947 3860 1042 3915 sonet
1062 3852 1203 3936 alleluja.
1474 3840 1480 3985 p

253 4040 445 4094 Reiclrenauer
463 4039 642 4109 Antiphonar
661 4056 695 4092 zu
715 4037 873 4093 Karlsrube
890 4036 943 4090 Nc.
960 4036 1020 4089 209.
1042 4035 1085 4090 BL
1103 4037 1146 4090 22.
1165 4050 1217 4090 aus
1236 4035 1301 4091 ulem
1319 4039 1353 4093 14
1368 4028 1444 4090 Jahrb
1476 3990 1480 4099 l

166 4129 216 4183 mit
235 4127 285 4181 der
303 4127 431 4183 llelcdie.
467 4129 525 4182 Fir
544 4126 760 4181 abwechselnds
773 4126 869 4183 cbbre
889 4123 1076 4195 singericbtet
1093 4124 1165 4179 nach
1183 4123 1235 4178 dar
1254 4121 1445 4180 tramaricus

166 4216 250 4271 Fcrm
269 4215 317 4269 der
336 4215 502 4284 'l'rcpariem

251 4354 285 4405 17
304 4351 410 4406 nubens
429 4367 537 4420 carens,
556 4351 622 4420 lls.;
639 4350 713 4406 nach
725 4349 822 4406 llattb.
837 4351 880 4417 1³,
893 4350 929 4404 16
946 4350 984 4404 ist
1000 4347 1070 4404 aber
1088 4349 1139 4404 cler
1153 4348 1225 4403 Sinn
1241 4347 1334 4404 dieses
1348 4346 1446 4400 uem:

128 4454 134 4466 ·
167 4453 228 4492 war
242 4438 286 4491 dia
300 4436 383 4492 Perle
398 4438 496 4492 theuer
509 4436 599 4506 knust,
619 4437 720 4493 darbet
732 4452 812 4508 garn,
834 4435 923 4491 daber
936 4436 1011 4491 kann
1025 4435 1130 4491 nubens
1142 4435 1220 4490 nicht
1233 4436 1334 4490 steben
1347 4432 1445 4488 bleisa

166 4525 201 4577 26
221 4530 302 4578 rorat
319 4529 399 4593 passt
419 4525 494 4580 nicht
514 4522 661 4592 aufusum,
680 4524 741 4579 wcl
759 4524 829 4579 aber
849 4527 936 4592 rotat,
954 4523 1004 4578 der
1017 4522 1091 4577 Vera
1109 4521 1199 4578 blcibt
1214 4522 1345 4578 (leunculi
1358 4507 1445 4574 cult

166 4612 201 4665 ta
219 4610 293 4682 laga,
311 4611 358 4665 lls.
394 4613 428 4665 ta
446 4627 517 4683 erga
535 4609 555 4665 f.
574 4615 603 4666 et
620 4611 657 4681 in,
678 4642 709 4652 -
729 4609 844 4681 obitum,
862 4610 910 4666 lls.

331 4965 439 5039 1051.
470 4963 509 5037 S.
533 4962 747 5061 Margaretae
775 4960 822 5032 ad
846 4959 1119 5059 completorium
1154 4957 1318 5058 hymnus.
1391 4907 1393 4910 Ι

846 5201 919 5265 luce
937 5199 1006 5283 jam
1028 5198 1163 5280 vestita,

890 5301 966 5369 bina
987 5300 1096 5365 terens
1118 5307 1217 5365 serta.

168 5200 269 5267 Salve
293 5201 485 5285 Margarita,

212 5307 337 5390 angelis
360 5307 498 5389 inserta,
