3250 6517
179 910 245 977 tot

180 1097 286 1179 Gaesi,
309 1099 434 1182 claudi,
456 1098 560 1181 surdi,
582 1100 660 1164 muti
897 1107 1089 1183 argumenta
1105 1099 1193 1183 soei,

180 1209 255 1266 sunt
277 1200 319 1264 ad
342 1220 432 1265 usum
455 1200 595 1265 restituti
759 1202 802 1266 20
855 1220 936 1284 ergo
959 1210 1084 1285 martyr
1105 1203 1293 1286 inrooetur,

223 1304 332 1369 divina
355 1304 542 1384 elementia3
854 1311 889 1367 ut
910 1323 971 1387 per
993 1324 1066 1368 eum
1088 1305 1182 1370 nobis
1206 1303 1302 1371 detur

178 1426 243 1473 non
267 1415 317 1472 est
334 1411 473 1490 morbus,
497 1426 593 1489 quem
614 1425 679 1472 non
701 1413 802 1491 curat,
897 1405 940 1471 ad
963 1415 1086 1474 aeterns
1107 1406 1255 1493 provehi.
1441 1409 1482 1475 30

180 1509 253 1574 dum
277 1512 460 1574 morbosum
481 1526 546 1572 non
568 1508 708 1574 obdurat
999 1572 1006 1587 ι
1122 1573 1129 1588 .

222 1611 317 1676 tarda
340 1609 528 1676 diffidentia.
853 1567 910 1635 Ad
933 1572 1008 1635 ⁰oel¹
1029 1572 1185 1689 Pilflflllm

854 1680 942 1736 tuum
964 1691 1024 1736 nos
1046 1674 1197 1739 solatrum

177 1775 296 1840 Hostes
319 1774 439 1840 christi
462 1774 593 1840 Christo
616 1774 744 1855 cedant,
759 1773 801 1836 25
898 1774 1082 1858 relevetro
1104 1776 1168 1861 pie.

177 1879 270 1961 signa
292 1880 392 1961 signis
415 1878 490 1944 dum
508 1877 701 1959 suooedaut,

245 2066 293 2120 lls.
312 2081 369 2120 von
387 2066 417 2120 S.
436 2065 520 2121 Peter
539 2082 574 2119 nu
592 2063 749 2119 Karlsrube
767 2062 822 2118 No.
841 2063 918 2132 top.
937 2063 998 2117 397.
1015 2062 1066 2117 mit
1083 2061 1133 2117 der
1153 2061 1284 2133 blsloulia,
1303 2064 1338 2118 tt
1350 2062 1438 2121 Jahrb

456 2347 542 2420 745.
576 2347 633 2417 De
659 2343 920 2417 contessoribus
946 2345 1194 2442 (troparium).

178 2555 209 2616 1.
238 2548 309 2613 Rex
331 2569 460 2632 regum,
482 2549 562 2613 deus
918 2546 997 2625 Quae
1020 2547 1105 2641 solet
1128 2547 1277 2613 meantes
1415 2542 1445 2607 ll
1480 2534 1485 2607 ἕ

243 2662 354 2717 noster
376 2652 525 2733 colende,
918 2649 1129 2734 depopulari,
1484 2650 1485 2657 ’

916 2754 1172 2837 praemonuisset

177 2867 207 2929 2.
239 2865 287 2929 'l'u
309 2864 488 2929 m0d⁰r³ri⁸
510 2865 651 2929 militiam
915 2890 981 2955 Iste
1004 2891 1166 2957 baeretiois
1189 2892 1314 2958 invisus

241 2966 465 3048 christianam,
917 3005 1013 3080 atque
1036 2996 1189 3081 mm,
1482 2976 1485 3077 ἶ

240 3102 388 3167 Bellandi
410 3122 531 3185 gnaros
554 3101 701 3167 horribili
779 3101 798 3162 5
917 3120 980 3165 neo
1000 3118 1066 3164 uon
1087 3100 1160 3182 regi
1181 3101 1320 3166 omnium
1414 3082 1485 3155 ²5³

240 3209 356 3292 proelio
379 3208 591 3290 destinando,
914 3222 1106 3289 pravorum,
1477 3206 1480 3213 '

242 3344 401 3411 Consules
423 3349 508 3413 soios
528 3347 716 3431 reipublicae
916 3340 1043 3433 Gaudet
1064 3359 1101 3405 se
1123 3340 1244 3405 domiui

915 3443 1143 3527 participatum

915 3554 1041 3627 tenera,
1064 3545 1176 3611 hostes
1198 3545 1272 3631 ejus

915 3645 1084 3731 perferens
1106 3664 1178 3712 oum
1199 3647 1268 3713 illo.
1415 3636 1461 3741 ll¹

239 3482 371 3565 bando,
394 3485 568 3566 magistros
583 3484 645 3547 tuis
660 3483 798 3568 populis.

174 3698 205 3761 3.
237 3696 308 3761 Neo
331 3696 413 3758 enim
437 3695 560 3758 falleris

240 3794 384 3878 eligendi
405 3797 549 3877 ⁸³Pi⁰¹¹⁸2
759 3800 799 3862 ¹⁰
851 3837 881 3899 5.
913 3832 961 3899 'l'u
984 3835 1077 3899 nobis
1100 3836 1257 3921 triticum,

240 3929 341 4008 Quem
364 3930 416 3993 oui
438 3932 597 4012 subroges
916 3937 1120 4022 dispensator
1143 3940 1284 4022 optime,
1473 3950 1485 4065 ³

240 4033 430 4114 ministerio,
454 4031 542 4096 deus.

914 4072 1079 4137 Dootrinae
1102 4072 1223 4138 domini
1483 4162 1485 4173 y

239 4169 291 4234 Ex
314 4172 427 4253 quibus
451 4180 501 4236 est
524 4191 617 4237 saoer
915 4174 1080 4259 impertire
1098 4174 1242 4258 jugiter,
1480 4176 1485 4267 ι’

241 4274 301 4337 isle
324 4273 493 4355 sacerdfflr
537 4342 542 4353 .
916 4311 1087 4376 Coelestem
1111 4322 1271 4395 quatenus
1418 4306 1448 4375 ³⁵

242 4410 302 4487 oui
324 4413 355 4475 in
377 4432 460 4495 paoe
483 4412 607 4496 degens
758 4419 797 4480 15
916 4434 1061 4479 remeare
1085 4415 1224 4499 patriam

240 4514 389 4578 ecolesiae
412 4524 535 4581 ⁸³¹¹&ae
916 4550 1080 4618 Possimus
1103 4555 1342 4623 abundantibus

918 4655 1090 4739 alimoniis,

174 4731 204 4792 4.
236 4728 431 4796 Consihatus
454 4742 524 4815 est,

239 4832 377 4914 qualiter
400 4835 501 4903 hostis
851 4848 881 4908 6.
914 4844 940 4908 0
963 4847 1055 4913 miles
1079 4847 1199 4913 Christi

238 4935 453 5019 inruptionem
915 4953 1083 5032 precelse.
1425 4948 1461 5017 ω

261 5095 323 5151 llss.
341 5114 375 5150 zu
392 5097 546 5168 Monesen,
573 5100 640 5157 olm.
662 5103 755 5158 msto.
779 5101 859 5159 tot.
877 5122 928 5161 aus
948 5108 1009 5162 dem
1029 5112 1062 5162 12
1080 5109 1179 5165 Jahrb.
1209 5112 1266 5181 (A)
1292 5110 1362 5169 clm
1380 5106 1465 5165 iffi

172 5177 254 5235 uso.
283 5185 315 5235 11
340 5183 437 5240 Jahrb
463 5187 527 5257 (Β).
577 5189 623 5243 lls.
648 5206 682 5245 su
705 5190 849 5264 stuttgart
876 5193 947 5249 Bibl.
971 5196 1016 5250 20.
1043 5192 1063 5250 t'.
1086 5199 1130 5250 ⁷1.
1159 5196 1194 5251 tle
1219 5213 1276 5254 uno
1300 5194 1466 5255 suumn

113 5268 211 5412 Ἴ
224 5267 324 5326 surr.
345 5272 408 5342 (ο).
