3250 6517
164 912 233 979 210

151 1080 206 1167 ut
223 1105 282 1164 tua
302 1097 445 1178 benigna
465 1113 565 1177 prece
571 1140 581 1176 ,
772 1095 792 1156 5
824 1156 827 1163 ,
847 1093 890 1158 de
911 1095 1031 1161 virtute
1052 1096 1085 1160 in
1102 1097 1257 1162 virtutem

168 1202 335 1269 criminum
357 1204 497 1282 purgata
515 1196 616 1274 laece,
847 1194 1035 1278 gradiamur
1055 1194 1099 1260 ad
1120 1196 1268 1263 salutem.

257 1382 306 1439 Hs.
329 1379 381 1436 der
406 1377 648 1436 Stadtbibliotbelr
671 1395 705 1432 nu
733 1378 838 1447 licius,
875 1379 972 1435 Cartln
998 1380 1052 1436 No.
1078 1381 1140 1435 bit).
1172 1380 1216 1436 Bl
1244 1382 1303 1437 100.
1334 1397 1382 1437 aus
1400 1382 1445 1438 dau

170 1470 207 1523 1³
226 1467 324 1526 Jahrb.

257 1623 288 1678 ln
307 1623 367 1677 dem
385 1622 591 1678 Antidotariurn
609 1620 709 1675 animas
732 1620 833 1677 Nicoloa‘
849 1622 965 1691 Salicem
997 1623 1150 1695 Argentor.
1170 1626 1248 1680 149¹.
1274 1623 1369 1683 illl.
1389 1630 1444 1683 rtslt

171 1710 244 1766 auclr
262 1710 307 1765 sin
326 1709 427 1764 lruraes
444 1707 512 1762 Lied
530 1705 583 1762 auf
596 1707 692 1762 diesen
709 1706 855 1779 lleiligen,
872 1707 999 1763 welches
1016 1726 1050 1766 sc
1068 1707 1207 1782 manga:

242 1831 350 1886 Ductor
367 1827 542 1901 praefulgens
561 1828 665 1884 litteris
876 1833 907 1882 tu
925 1827 1053 1885 doctriua
1070 1830 1239 1887 elericorum

242 1915 406 1972 doctoribus
423 1931 485 1987 prae
503 1915 621 1983 ceteris,
874 1920 959 1985 atque
977 1931 1059 1971 sacra
1076 1916 1137 1972 rita
1153 1934 1264 1974 morum
1281 1925 1333 1975 etc

588 2283 674 2356 822.
703 2285 761 2355 De
787 2310 814 2356 s.
841 2279 1058 2383 Augustino.

172 2521 223 2590 De
245 2519 415 2605 profundis
436 2521 644 2585 tenebrarum
848 2519 1040 2587 clericalem
1064 2524 1144 2587 vitae
1166 2523 1303 2591 iormam

174 2625 294 2691 mundo
317 2625 425 2689 lumen
446 2624 513 2690 exit
536 2625 658 2691 clarum
849 2624 1085 2707 conquadravit
1100 2626 1199 2710 juxte
1220 2647 1362 2696 norman

219 2735 254 2792 et
275 2728 427 2792 scintillat
449 2726 559 2810 hodie,
892 2734 996 2791 coetus
1018 2729 1210 2812 apostolici3

173 2830 250 2897 olim
273 2829 400 2914 quidem
423 2849 482 2894 vas
505 2830 642 2912 erroris,
850 2829 899 2891 sui
921 2831 1041 2914 quippo
1062 2832 1109 2897 nil
1130 2831 1297 2901 habebant
1414 2830 1443 2894 ll

173 2931 378 3018 Augustinus
399 2951 459 2996 vas
482 2932 615 2997 honoris
777 2932 797 2993 5
850 2937 1001 3012 tanquam
1023 2951 1125 3015 suurn,
1148 2935 1336 3003 serviebant

217 3037 312 3102 datus
335 3044 386 3100 est
408 3036 564 3102 ecclesiae.
892 3032 926 3096 iu
948 3051 1115 3100 commune
1137 3038 1259 3105 clerici.

173 3246 287 3314 Verbo
310 3248 364 3312 dei
386 3246 460 3312 dum
482 3247 608 3331 obedit,

174 3350 280 3417 credit
302 3368 415 3413 errans
437 3359 470 3414 et
492 3350 619 3415 accedit

218 3452 263 3517 ad
283 3453 433 3536 baptismi
455 3455 609 3537 gratiam,

174 3556 281 3622 lactus
302 3563 443 3640 martyr,
465 3555 525 3620 sed
547 3557 664 3641 inanis,
758 3559 798 3623 10

176 3657 394 3723 doctrinarum
417 3659 511 3722 tritus
534 3661 626 3723 vanis

217 3781 280 3847 per
302 3768 426 3845 pestem
447 3760 643 3828 haereticam.

1486 3240 1493 3389 l

851 3299 908 3367 Sic
930 3303 1100 3369 multorum
1121 3323 1185 3390 pro
1206 3309 1314 3375 salute

851 3405 906 3471 diu
923 3408 1038 3472 vivens
1059 3409 1093 3473 in
1113 3410 1251 3496 virtute,
1490 3466 1493 3491 2

852 3508 981 3574 tandem
1002 3511 1089 3575 bona
1111 3522 1282 3580 senectute
1418 3508 1448 3576 ll
1488 3498 1493 3597 ξ

894 3611 1025 3677 dormiit
1046 3632 1118 3680 cum
1140 3617 1303 3700 patribus3
1491 3602 1493 3627 ²

791 3704 800 3725 ⁸
851 3714 884 3777 in
907 3722 1053 3779 extremo
1074 3716 1121 3779 nil
1142 3716 1283 3800 legarit,

850 3817 936 3900 quod
960 3818 1006 3882 nil
1026 3836 1117 3883 suum
1140 3820 1329 3906 admavit,

850 3922 947 3985 immo
972 3920 1075 3985 totum'
1094 3924 1262 4006 reputavit

174 3974 379 4045 Confirmans
401 3973 498 4040 fidem
521 3983 554 4041 et
575 3992 682 4041 mores
894 4041 1063 4088 commum
1085 4043 1157 4088 cum
1178 4025 1342 4095 frastim
1422 4023 1456 4091 35

171 4080 258 4165 legis
280 4099 386 4147 sacrm
406 4097 621 4164 perversores

218 4186 312 4249 verbi
335 4192 430 4249 necat
452 4183 578 4266 gladio:
759 4184 798 4245 15

174 4285 368 4351 obmutescit
390 4282 602 4367 Fortunatus,
852 4294 954 4361 Salve
976 4317 1103 4380 gemma
1125 4299 1363 4385 confessum,

175 4385 264 4453 cedit
285 4386 401 4451 Manes
423 4394 457 4451 et
478 4386 622 4451 Donatus
850 4401 963 4483 lingua
986 4398 1121 4484 christi,
1143 4420 1211 4468 vox
1233 4405 1403 4488 οωΙοηΙ,

220 4497 320 4553 tantae
343 4489 423 4553 lucis
446 4488 548 4553 radio.
851 4503 960 4567 scriba
980 4503 1074 4586 vitae,
1097 4503 1361 4589 indoctorum,

894 4607 1018 4690 praesul
1035 4608 1233 4691 beatissime,

173 4701 311 4770 Multum
335 4704 433 4787 coepit
455 4704 593 4769 fructum
615 4705 712 4788 ferre,
851 4728 926 4772 nam
948 4717 980 4773 te
1003 4710 1140 4792 primum
1161 4720 1376 4797 venerantur,
1425 4710 1460 4776 lt

175 4804 253 4871 dum
274 4807 306 4869 in
329 4805 411 4872 lines
434 4808 522 4871 orbis
544 4814 643 4873 terrae
735 4811 797 4883 ,20
851 4820 885 4876 te
907 4811 1041 4876 duotore
1064 4822 1305 4895 consequantur

218 4910 316 4976 fidem
338 4915 458 4998 sparsit
476 4915 611 4981 unicam.
851 4916 965 4998 vitam,
987 4917 1020 4980 iu
1041 4936 1105 5000 qua
1126 4917 1310 5000 gloriantur

301 5011 345 5097 ζ’
364 5015 466 5100 saltora
489 5018 510 5083 3
538 5014 661 5102 Verre.)
894 5025 1063 5087 beatorum
1086 5023 1211 5089 animae.

173 5283 200 5342 ¹1·
262 5197 365 5340 ξείνια
382 5197 519 5254 bidnclren
545 5199 614 5259 clm.
631 5203 708 5258 tata.
734 5200 809 5258 tao
836 5205 887 5259 des
906 5207 940 5260 15
957 5206 1073 5276 Jahrb,
1105 5206 1151 5262 dic
1174 5206 1258 5265 chen
1281 5210 1468 5269 msto·

199 5288 248 5341 ext
278 5285 301 5340 'e
315 5291 368 5342 ert.
