3250 6517
420 1277 505 1350 750.
546 1279 602 1348 Do
629 1302 700 1350 uno
727 1277 939 1350 confessore.

151 1500 209 1561 ne,
234 1497 356 1565 sponsa
374 1477 511 1562 Christi,
704 1479 847 1545 Caritate
870 1480 1039 1561 rutilabat,

151 1602 182 1645 er
206 1579 305 1644 fldem
327 1581 468 1662 genuisti
703 1584 842 1647 veritate
865 1582 1071 1661 fulminabat,

151 1684 236 1747 tanti
257 1683 413 1765 nominis,
704 1692 831 1748 terrens
854 1683 1072 1749 adversarios.

172 1876 268 1951 pater
289 1867 448 1950 gloriatur
704 1871 791 1936 Ecce
812 1871 939 1955 ‚Ioseph
961 1872 1156 1954 fortunatus,
1286 1873 1329 1938 25

151 1981 219 2037 ntes
242 1979 411 2056 operatur,
633 1972 652 2033 5
704 1975 755 2037 vir
778 1992 969 2039 accrescens
992 1983 1026 2039 ot
1048 1976 1206 2058 probatus

151 2130 152 2144 ,
176 2083 282 2140 mater
303 2076 429 2141 nobilis.
704 2082 737 2145 in
760 2089 937 2164 conspectu
959 2080 1122 2165 principis.

174 2284 286 2344 manu,
310 2281 394 2327 voce
416 2263 535 2346 clama,
705 2269 766 2335 tito
788 2279 901 2354 aperta
924 2272 1130 2354 declaratur,

151 2370 226 2433 soris
247 2388 309 2452 per
331 2376 364 2432 te
387 2367 472 2431 lama
706 2390 770 2452 qua
792 2372 911 2436 virtute
934 2372 1093 2455 dirigatur

151 2481 211 2537 :et
233 2472 406 2553 memoria;
705 2473 759 2536 via
781 2474 845 2537 viri
863 2476 1026 2558 simplicis.
1288 2475 1331 2540 30

161 2660 245 2724 enim
267 2665 343 2723 ante
369 2658 479 2742 deum,
615 2661 654 2724 10
706 2659 734 2725 0
758 2681 852 2742 quam
874 2663 1018 2746 prudens
1041 2670 1075 2728 et
1096 2662 1202 2728 fidelis

151 2771 238 2826 atum
261 2763 339 2826 tecit
362 2783 434 2827 eum
707 2763 926 2846 dispensator,
950 2765 1058 2846 quiin
1082 2766 1172 2830 coelis

151 2867 209 2929 esti
231 2867 354 2949 gloria3
708 2875 798 2932 certo
821 2865 942 2948 gaudet
965 2866 1071 2949 titulo,

157 3061 255 3137 caput
277 3061 311 3116 et
333 3052 481 3117 doctrina
708 3055 771 3122 Ubi
796 3056 908 3120 truens
931 3056 1101 3137 coelibatu,

151 3157 241 3221 atella
263 3156 419 3220 matutina
708 3176 767 3221 nos
791 3158 941 3222 absolvat
963 3177 984 3221 a
1007 3162 1100 3220 roatn
1290 3155 1332 3220 35

151 3280 173 3324 u
192 3267 396 3344 perpetuum.
616 3259 655 3319 15
707 3261 821 3324 mortis
844 3267 878 3325 et
895 3260 1051 3344 periculo.

174 3449 294 3531 flagrat
313 3448 386 3512 baeo
408 3448 541 3512 lucerna
707 3444 825 3509 Praeba
848 3446 935 3528 pias,
957 3453 1068 3530 pater,
1091 3463 1204 3527 aures,

151 3570 182 3616 rs
204 3553 267 3615 iter
287 3550 331 3615 ad
352 3568 512 3633 superna,
708 3548 949 3629 qualescunque
971 3566 1059 3611 suma
1083 3546 1216 3630 laudes,

151 3655 343 3718 xercituum.
708 3647 825 3714 doctor
846 3650 1073 3732 celeberrime,

151 3865 157 3907 ι
179 3860 260 3907 vase
283 3861 343 3906 neo
366 3842 425 3905 sub
448 3839 534 3904 lecto
706 3837 821 3903 Funde
843 3857 959 3922 preces
982 3836 1071 3923 apud
1093 3835 1266 3918 Christum,
1288 3835 1336 3898 lb

150 3950 222 4025 uta,
245 3942 304 4006 sed
327 3943 359 4005 in
383 3948 470 4005 teoto
615 3938 657 4001 20
708 3946 744 4002 ut
765 3939 923 4004 instauret
946 3940 1079 4004 chorum
1100 3938 1197 4002 istnrn

166 4044 288 4131 sparsit
310 4042 427 4108 radios.
708 4042 782 4122 paci
804 4039 1036 4107 saluberrimae.

151 4276 152 4280 ,
170 4230 249 4284 einer
266 4227 551 4300 llymnensnmrnlnng
569 4227 620 4280 ter
637 4227 685 4282 lle.
705 4243 738 4279 nn
757 4225 842 4281 Gratn
860 4228 922 4296 l2lb
940 4225 989 4281 (les
1008 4226 1042 4279 12
1058 4222 1158 4282 tabita

151 4354 323 4421 iperpetua‚
340 4348 389 4403 lls.
419 4349 455 4402 40
472 4346 558 4416 illum,
577 4347 625 4402 lle.
655 4346 704 4402 Sie
717 4346 843 4400 schreibt
857 4347 928 4400 nacb
942 4347 1016 4402 alter
1028 4343 1129 4400 Weiss
1144 4347 1184 4399 oct
1199 4342 1255 4398 untl
1270 4347 1339 4416 opst.

151 4473 200 4527 ,ἃ
227 4467 416 4527 confessores
443 4467 559 4537 Quoties
577 4467 649 4522 bene
669 4466 735 4539 qnid
752 4466 869 4539 agimus,
887 4465 967 4520 deum
985 4464 1156 4523 confitemur.
1181 4466 1289 4522 litem
1306 4464 1336 4519 in

153 4559 207 4615 Tit
228 4561 252 4627 t,
273 4559 314 4612 to.
802 4580 804 4585 v

175 4843 261 4917 751.
298 4841 358 4912 De
385 4837 590 4939 virginibus.
625 4838 759 4911 Puella
781 4840 920 4911 turbato
954 4839 1199 4936 (troparium).

714 5031 744 5093 2.
779 5027 881 5112 Cujus
903 5029 967 5093 ima

777 5131 880 5198 draco
903 5151 1037 5197 servare
1060 5139 1173 5197 cautus

785 5235 934 5318 invigilat
951 5234 1090 5318 jugiter,
1322 5237 1342 5295 5

151 5082 228 5146 alam
251 5082 294 5148 atl
319 5083 420 5149 ooelos

151 5196 298 5272 arecon,
322 5189 490 5254 tormentis
514 5189 660 5268 cinctam,
