<?xml version="1.0" encoding="UTF-8"?>
<!DOCTYPE html PUBLIC "-//W3C//DTD XHTML 1.0 Transitional//EN"
    "http://www.w3.org/TR/xhtml1/DTD/xhtml1-transitional.dtd">
<html xmlns="http://www.w3.org/1999/xhtml" xml:lang="en" lang="en">
 <head>
  <title>
</title>
<meta http-equiv="Content-Type" content="text/html;charset=utf-8" />
  <meta name='ocr-system' content='tesseract 3.04.00' />
  <meta name='ocr-capabilities' content='ocr_page ocr_carea ocr_par ocr_line ocrx_word'/>
</head>
<body>
  <div class='ocr_page' id='page_1' title='image "./lateinischehymn00monegoog/lateinischehymn00monegoog_0041.png"; bbox 0 0 3250 6517; ppageno 0'>
   <div class='ocr_carea' id='block_1_1' title="bbox 85 1096 1247 1501">
    <p class='ocr_par' dir='ltr' id='par_1_1' title="bbox 85 1096 1247 1501">
     <span class='ocr_line' id='line_1_1' title="bbox 164 1096 1203 1186; baseline -0.012 -12"><span class='ocrx_word' id='word_1_1' title='bbox 164 1107 215 1174; x_wconf 75' lang='lat' dir='ltr'><strong>Tu</strong></span> <span class='ocrx_word' id='word_1_2' title='bbox 236 1105 415 1172; x_wconf 70' lang='lat' dir='ltr'><strong>fecundanti</strong></span> <span class='ocrx_word' id='word_1_3' title='bbox 437 1104 612 1186; x_wconf 80' lang='lat' dir='ltr'><strong>virginem,</strong></span> <span class='ocrx_word' id='word_1_4' title='bbox 766 1103 786 1161; x_wconf 82' lang='lat'><strong>5</strong></span> <span class='ocrx_word' id='word_1_5' title='bbox 838 1096 1032 1163; x_wconf 70' lang='lat' dir='ltr'><strong>Ductoribus</strong></span> <span class='ocrx_word' id='word_1_6' title='bbox 1054 1097 1203 1162; x_wconf 76' lang='lat' dir='ltr'><strong>ecclesiae</strong></span> 
     </span>
     <span class='ocr_line' id='line_1_2' title="bbox 164 1198 1243 1284; baseline -0.006 -11"><span class='ocrx_word' id='word_1_7' title='bbox 164 1214 202 1273; x_wconf 90' lang='lat' dir='ltr'><strong>ut</strong></span> <span class='ocrx_word' id='word_1_8' title='bbox 222 1224 340 1272; x_wconf 87' lang='lat' dir='ltr'><strong>novum</strong></span> <span class='ocrx_word' id='word_1_9' title='bbox 363 1204 465 1272; x_wconf 80' lang='lat' dir='ltr'><strong>terret</strong></span> <span class='ocrx_word' id='word_1_10' title='bbox 486 1203 662 1284; x_wconf 88' lang='lat' dir='ltr'><strong>bominem,</strong></span> <span class='ocrx_word' id='word_1_11' title='bbox 839 1198 947 1264; x_wconf 71' lang='lat' dir='ltr'><strong>mdo</strong></span> <span class='ocrx_word' id='word_1_12' title='bbox 968 1200 1075 1264; x_wconf 90' lang='lat' dir='ltr'><strong>lumen</strong></span> <span class='ocrx_word' id='word_1_13' title='bbox 1099 1200 1243 1266; x_wconf 66' lang='lat' dir='ltr'><strong>scientiae</strong></span> 
     </span>
     <span class='ocr_line' id='line_1_3' title="bbox 166 1299 1196 1394; baseline -0.012 -17"><span class='ocrx_word' id='word_1_14' title='bbox 166 1311 221 1394; x_wconf 90' lang='lat' dir='ltr'><strong>qui</strong></span> <span class='ocrx_word' id='word_1_15' title='bbox 242 1328 300 1374; x_wconf 88' lang='lat' dir='ltr'><strong>sua</strong></span> <span class='ocrx_word' id='word_1_16' title='bbox 323 1306 483 1392; x_wconf 87' lang='lat' dir='ltr'><strong>sapientia</strong></span> <span class='ocrx_word' id='word_1_17' title='bbox 840 1299 1061 1365; x_wconf 86' lang='lat' dir='ltr'><strong>exterminasti</strong></span> <span class='ocrx_word' id='word_1_18' title='bbox 1082 1301 1196 1365; x_wconf 85' lang='lat' dir='ltr'><strong>noxias</strong></span> 
     </span>
     <span class='ocr_line' id='line_1_4' title="bbox 85 1402 1247 1501; baseline -0.012 -21"><span class='ocrx_word' id='word_1_19' title='bbox 85 1490 90 1501; x_wconf 31' lang='lat'><strong>¹</strong></span> <span class='ocrx_word' id='word_1_20' title='bbox 166 1413 319 1479; x_wconf 85' lang='lat' dir='ltr'><strong>dissolvit</strong></span> <span class='ocrx_word' id='word_1_21' title='bbox 337 1411 448 1476; x_wconf 89' lang='lat' dir='ltr'><strong>mortis</strong></span> <span class='ocrx_word' id='word_1_22' title='bbox 470 1409 607 1475; x_wconf 83' lang='lat' dir='ltr'><strong>vincula.</strong></span> <span class='ocrx_word' id='word_1_23' title='bbox 839 1402 1064 1468; x_wconf 73' lang='lat' dir='ltr'><strong>haereticorum</strong></span> <span class='ocrx_word' id='word_1_24' title='bbox 1086 1406 1247 1469; x_wconf 74' lang='lat' dir='ltr'><strong>tenebras.</strong></span> 
     </span>
    </p>
   </div>
   <div class='ocr_carea' id='block_1_2' title="bbox 165 1590 1460 1993">
    <p class='ocr_par' dir='ltr' id='par_1_2' title="bbox 165 1590 1460 1785">
     <span class='ocr_line' id='line_1_5' title="bbox 165 1590 1460 1684; baseline -0.008 -19"><span class='ocrx_word' id='word_1_25' title='bbox 165 1597 399 1684; x_wconf 78' lang='lat' dir='ltr'><strong>Apostolorum</strong></span> <span class='ocrx_word' id='word_1_26' title='bbox 417 1606 553 1683; x_wconf 85' lang='lat' dir='ltr'><strong>pectora</strong></span> <span class='ocrx_word' id='word_1_27' title='bbox 657 1594 662 1603; x_wconf 88' lang='lat'>&#39;</span> <span class='ocrx_word' id='word_1_28' title='bbox 839 1590 933 1656; x_wconf 90' lang='lat' dir='ltr'><strong>Nunc</strong></span> <span class='ocrx_word' id='word_1_29' title='bbox 948 1591 1084 1684; x_wconf 85' lang='lat' dir='ltr'><strong>pietatis</strong></span> <span class='ocrx_word' id='word_1_30' title='bbox 1107 1592 1214 1657; x_wconf 88' lang='lat' dir='ltr'><strong>oleum</strong></span> <span class='ocrx_word' id='word_1_31' title='bbox 1421 1599 1460 1661; x_wconf 70' lang='grc' dir='ltr'><strong>ιι</strong></span> 
     </span>
     <span class='ocr_line' id='line_1_6' title="bbox 166 1685 1266 1785; baseline -0.01 -16"><span class='ocrx_word' id='word_1_32' title='bbox 166 1711 222 1769; x_wconf 88' lang='lat' dir='ltr'><strong>tua</strong></span> <span class='ocrx_word' id='word_1_33' title='bbox 244 1703 378 1785; x_wconf 89' lang='lat' dir='ltr'><strong>replesti</strong></span> <span class='ocrx_word' id='word_1_34' title='bbox 400 1703 523 1785; x_wconf 81' lang='lat' dir='ltr'><strong>gratia,</strong></span> <span class='ocrx_word' id='word_1_35' title='bbox 747 1702 788 1764; x_wconf 86' lang='lat'><strong>10</strong></span> <span class='ocrx_word' id='word_1_36' title='bbox 840 1685 933 1757; x_wconf 89' lang='lat' dir='ltr'><strong>uobis</strong></span> <span class='ocrx_word' id='word_1_37' title='bbox 956 1699 1006 1756; x_wconf 85' lang='lat' dir='ltr'><strong>eat</strong></span> <span class='ocrx_word' id='word_1_38' title='bbox 1027 1694 1266 1777; x_wconf 88' lang='lat' dir='ltr'><strong>necessarium,</strong></span> 
     </span>
    </p>

    <p class='ocr_par' dir='ltr' id='par_1_3' title="bbox 165 1792 1336 1993">
     <span class='ocr_line' id='line_1_7' title="bbox 165 1792 1336 1890; baseline -0.008 -18"><span class='ocrx_word' id='word_1_39' title='bbox 165 1815 202 1872; x_wconf 90' lang='lat' dir='ltr'><strong>ut</strong></span> <span class='ocrx_word' id='word_1_40' title='bbox 221 1806 255 1870; x_wconf 91' lang='lat' dir='ltr'><strong>in</strong></span> <span class='ocrx_word' id='word_1_41' title='bbox 278 1806 445 1890; x_wconf 87' lang='lat' dir='ltr'><strong>scripturis</strong></span> <span class='ocrx_word' id='word_1_42' title='bbox 464 1805 602 1888; x_wconf 88' lang='lat' dir='ltr'><strong>mystica</strong></span> <span class='ocrx_word' id='word_1_43' title='bbox 635 1850 640 1862; x_wconf 94' lang='lat'><em>.</em></span> <span class='ocrx_word' id='word_1_44' title='bbox 667 1837 670 1843; x_wconf 90' lang='lat'>·</span> <span class='ocrx_word' id='word_1_45' title='bbox 842 1792 927 1876; x_wconf 88' lang='lat' dir='ltr'><strong>quod</strong></span> <span class='ocrx_word' id='word_1_46' title='bbox 949 1802 985 1859; x_wconf 90' lang='lat' dir='ltr'><strong>nt</strong></span> <span class='ocrx_word' id='word_1_47' title='bbox 1006 1797 1192 1879; x_wconf 75' lang='lat' dir='ltr'><strong>pectoribus</strong></span> <span class='ocrx_word' id='word_1_48' title='bbox 1214 1799 1336 1863; x_wconf 83' lang='lat' dir='ltr'><strong>nostris</strong></span> 
     </span>
     <span class='ocr_line' id='line_1_8' title="bbox 166 1897 1298 1993; baseline -0.005 -19"><span class='ocrx_word' id='word_1_49' title='bbox 166 1916 300 1974; x_wconf 80' lang='lat' dir='ltr'><strong>nossent</strong></span> <span class='ocrx_word' id='word_1_50' title='bbox 321 1906 441 1973; x_wconf 76' lang='lat' dir='ltr'><strong>Christi</strong></span> <span class='ocrx_word' id='word_1_51' title='bbox 463 1908 634 1993; x_wconf 76' lang='lat' dir='ltr'><strong>magnalia.</strong></span> <span class='ocrx_word' id='word_1_52' title='bbox 840 1897 934 1979; x_wconf 65' lang='lat' dir='ltr'><strong>large</strong></span> <span class='ocrx_word' id='word_1_53' title='bbox 955 1897 1120 1980; x_wconf 74' lang='lat' dir='ltr'><strong>infundas,</strong></span> <span class='ocrx_word' id='word_1_54' title='bbox 1142 1901 1298 1983; x_wconf 84' lang='lat' dir='ltr'><strong>petimus,</strong></span> 
     </span>
    </p>
   </div>
   <div class='ocr_carea' id='block_1_3' title="bbox 166 2083 1461 2489">
    <p class='ocr_par' dir='ltr' id='par_1_4' title="bbox 166 2083 1152 2178">
     <span class='ocr_line' id='line_1_9' title="bbox 166 2083 1152 2178; baseline -0.013 -15"><span class='ocrx_word' id='word_1_55' title='bbox 166 2096 217 2163; x_wconf 84' lang='lat' dir='ltr'><strong>De</strong></span> <span class='ocrx_word' id='word_1_56' title='bbox 238 2107 294 2163; x_wconf 93' lang='lat' dir='ltr'><strong>tuo</strong></span> <span class='ocrx_word' id='word_1_57' title='bbox 316 2105 367 2161; x_wconf 90' lang='lat' dir='ltr'><strong>est</strong></span> <span class='ocrx_word' id='word_1_58' title='bbox 388 2097 537 2178; x_wconf 89' lang='lat' dir='ltr'><strong>consilio,</strong></span> <span class='ocrx_word' id='word_1_59' title='bbox 841 2083 891 2148; x_wconf 83' lang='lat' dir='ltr'><strong>Nc</strong></span> <span class='ocrx_word' id='word_1_60' title='bbox 913 2085 945 2148; x_wconf 85' lang='lat' dir='ltr'><strong>in</strong></span> <span class='ocrx_word' id='word_1_61' title='bbox 966 2084 1019 2148; x_wconf 84' lang='lat' dir='ltr'><strong>die</strong></span> <span class='ocrx_word' id='word_1_62' title='bbox 1036 2084 1152 2168; x_wconf 90' lang='lat' dir='ltr'><strong>judicii</strong></span> 
     </span>
    </p>

    <p class='ocr_par' dir='ltr' id='par_1_5' title="bbox 167 2189 1461 2387">
     <span class='ocr_line' id='line_1_10' title="bbox 167 2189 1461 2284; baseline -0.006 -18"><span class='ocrx_word' id='word_1_63' title='bbox 167 2199 256 2284; x_wconf 84' lang='lat' dir='ltr'><strong>qnod</strong></span> <span class='ocrx_word' id='word_1_64' title='bbox 277 2208 393 2283; x_wconf 79' lang='lat' dir='ltr'><strong>gentes</strong></span> <span class='ocrx_word' id='word_1_65' title='bbox 415 2199 469 2265; x_wconf 81' lang='lat' dir='ltr'><strong>dei</strong></span> <span class='ocrx_word' id='word_1_66' title='bbox 490 2200 557 2264; x_wconf 87' lang='lat' dir='ltr'><strong>filio</strong></span> <span class='ocrx_word' id='word_1_67' title='bbox 842 2195 961 2251; x_wconf 88' lang='lat' dir='ltr'><strong>stemus</strong></span> <span class='ocrx_word' id='word_1_68' title='bbox 984 2206 1056 2252; x_wconf 89' lang='lat' dir='ltr'><strong>cum</strong></span> <span class='ocrx_word' id='word_1_69' title='bbox 1077 2190 1183 2252; x_wconf 84' lang='lat' dir='ltr'><strong>servir</strong></span> <span class='ocrx_word' id='word_1_70' title='bbox 1205 2189 1336 2274; x_wconf 88' lang='lat' dir='ltr'><strong>pavidi,</strong></span> <span class='ocrx_word' id='word_1_71' title='bbox 1422 2192 1461 2258; x_wconf 78' lang='lat'><strong>³⁰</strong></span> 
     </span>
     <span class='ocr_line' id='line_1_11' title="bbox 167 2291 1270 2387; baseline -0.006 -22"><span class='ocrx_word' id='word_1_72' title='bbox 167 2321 285 2387; x_wconf 71' lang='lat' dir='ltr'><strong>greum</strong></span> <span class='ocrx_word' id='word_1_73' title='bbox 304 2302 524 2386; x_wconf 76' lang='lat' dir='ltr'><strong>propinquant</strong></span> <span class='ocrx_word' id='word_1_74' title='bbox 545 2303 638 2385; x_wconf 79' lang='lat' dir='ltr'><strong>fidei,</strong></span> <span class='ocrx_word' id='word_1_75' title='bbox 750 2303 789 2366; x_wconf 84' lang='lat'><strong>15</strong></span> <span class='ocrx_word' id='word_1_76' title='bbox 842 2291 901 2357; x_wconf 88' lang='lat' dir='ltr'><strong>sed</strong></span> <span class='ocrx_word' id='word_1_77' title='bbox 924 2293 1018 2357; x_wconf 90' lang='lat' dir='ltr'><strong>timor</strong></span> <span class='ocrx_word' id='word_1_78' title='bbox 1040 2300 1172 2358; x_wconf 86' lang='lat' dir='ltr'><strong>sauctus</strong></span> <span class='ocrx_word' id='word_1_79' title='bbox 1195 2292 1270 2358; x_wconf 83' lang='lat' dir='ltr'><strong>liliis</strong></span> 
     </span>
    </p>

    <p class='ocr_par' dir='ltr' id='par_1_6' title="bbox 168 2395 1272 2489">
     <span class='ocr_line' id='line_1_12' title="bbox 168 2395 1272 2489; baseline -0.008 -19"><span class='ocrx_word' id='word_1_80' title='bbox 168 2424 263 2488; x_wconf 88' lang='lat' dir='ltr'><strong>quem</strong></span> <span class='ocrx_word' id='word_1_81' title='bbox 285 2405 473 2489; x_wconf 87' lang='lat' dir='ltr'><strong>repulerunt</strong></span> <span class='ocrx_word' id='word_1_82' title='bbox 494 2405 611 2471; x_wconf 82' lang='lat' dir='ltr'><strong>Judaei.</strong></span> <span class='ocrx_word' id='word_1_83' title='bbox 837 2395 958 2481; x_wconf 85' lang='lat' dir='ltr'><strong>jungat</strong></span> <span class='ocrx_word' id='word_1_84' title='bbox 978 2414 1038 2460; x_wconf 93' lang='lat' dir='ltr'><strong>nos</strong></span> <span class='ocrx_word' id='word_1_85' title='bbox 1061 2395 1272 2461; x_wconf 79' lang='lat' dir='ltr'><strong>electissimis.</strong></span> 
     </span>
    </p>
   </div>
   <div class='ocr_carea' id='block_1_4' title="bbox 166 2586 1463 2982">
    <p class='ocr_par' dir='ltr' id='par_1_7' title="bbox 166 2586 1463 2982">
     <span class='ocr_line' id='line_1_13' title="bbox 167 2586 1259 2675; baseline -0.005 -16"><span class='ocrx_word' id='word_1_86' title='bbox 167 2592 217 2659; x_wconf 82' lang='lat' dir='ltr'><strong>&#39;l&#39;u</strong></span> <span class='ocrx_word' id='word_1_87' title='bbox 238 2593 402 2658; x_wconf 77' lang='lat' dir='ltr'><strong>roborasti</strong></span> <span class='ocrx_word' id='word_1_88' title='bbox 420 2599 581 2675; x_wconf 83' lang='lat' dir='ltr'><strong>martyres</strong></span> <span class='ocrx_word' id='word_1_89' title='bbox 841 2586 892 2653; x_wconf 89' lang='lat' dir='ltr'><strong>Sit</strong></span> <span class='ocrx_word' id='word_1_90' title='bbox 912 2589 971 2655; x_wconf 90' lang='lat' dir='ltr'><strong>tibi</strong></span> <span class='ocrx_word' id='word_1_91' title='bbox 992 2589 1063 2655; x_wconf 91' lang='lat' dir='ltr'><strong>laus</strong></span> <span class='ocrx_word' id='word_1_92' title='bbox 1084 2590 1259 2674; x_wconf 85' lang='lat' dir='ltr'><strong>paraclite,</strong></span> 
     </span>
     <span class='ocr_line' id='line_1_14' title="bbox 168 2691 1270 2777; baseline -0.002 -18"><span class='ocrx_word' id='word_1_93' title='bbox 168 2701 282 2760; x_wconf 89' lang='lat' dir='ltr'><strong>contra</strong></span> <span class='ocrx_word' id='word_1_94' title='bbox 304 2701 436 2759; x_wconf 91' lang='lat' dir='ltr'><strong>cunctas</strong></span> <span class='ocrx_word' id='word_1_95' title='bbox 458 2691 647 2777; x_wconf 84' lang='lat' dir='ltr'><strong>tyrannides</strong></span> <span class='ocrx_word' id='word_1_96' title='bbox 723 2697 725 2701; x_wconf 81' lang='grc'><strong>“</strong></span> <span class='ocrx_word' id='word_1_97' title='bbox 839 2694 912 2758; x_wconf 82' lang='lat' dir='ltr'><strong>fons</strong></span> <span class='ocrx_word' id='word_1_98' title='bbox 934 2693 1134 2759; x_wconf 81' lang='lat' dir='ltr'><strong>multiformis</strong></span> <span class='ocrx_word' id='word_1_99' title='bbox 1153 2694 1270 2777; x_wconf 73' lang='lat' dir='ltr'><strong>gratia</strong></span> 
     </span>
     <span class='ocr_line' id='line_1_15' title="bbox 166 2793 1463 2881; baseline -0.002 -19"><span class='ocrx_word' id='word_1_100' title='bbox 166 2796 259 2862; x_wconf 87' lang='lat' dir='ltr'><strong>istius</strong></span> <span class='ocrx_word' id='word_1_101' title='bbox 281 2796 389 2860; x_wconf 83' lang='lat' dir='ltr'><strong>muudi</strong></span> <span class='ocrx_word' id='word_1_102' title='bbox 411 2797 606 2881; x_wconf 89' lang='lat' dir='ltr'><strong>principum,</strong></span> <span class='ocrx_word' id='word_1_103' title='bbox 841 2793 882 2859; x_wconf 82' lang='lat' dir='ltr'><strong>(lo</strong></span> <span class='ocrx_word' id='word_1_104' title='bbox 904 2813 1026 2859; x_wconf 91' lang='lat' dir='ltr'><strong>summo</strong></span> <span class='ocrx_word' id='word_1_105' title='bbox 1047 2803 1142 2880; x_wconf 86' lang='lat' dir='ltr'><strong>patre</strong></span> <span class='ocrx_word' id='word_1_106' title='bbox 1166 2804 1200 2860; x_wconf 91' lang='lat' dir='ltr'><strong>et</strong></span> <span class='ocrx_word' id='word_1_107' title='bbox 1221 2794 1288 2859; x_wconf 88' lang='lat' dir='ltr'><strong>tilio</strong></span> <span class='ocrx_word' id='word_1_108' title='bbox 1422 2796 1463 2861; x_wconf 78' lang='lat'><strong>³5</strong></span> 
     </span>
     <span class='ocr_line' id='line_1_16' title="bbox 166 2896 1255 2982; baseline 0 -20"><span class='ocrx_word' id='word_1_109' title='bbox 166 2896 281 2963; x_wconf 86' lang='lat' dir='ltr'><strong>fideles</strong></span> <span class='ocrx_word' id='word_1_110' title='bbox 302 2897 571 2982; x_wconf 84' lang='lat' dir='ltr'><strong>persequentium.</strong></span> <span class='ocrx_word' id='word_1_111' title='bbox 745 2899 787 2961; x_wconf 85' lang='lat'><strong>20</strong></span> <span class='ocrx_word' id='word_1_112' title='bbox 839 2896 1029 2980; x_wconf 85' lang='lat' dir='ltr'><strong>procedenti</strong></span> <span class='ocrx_word' id='word_1_113' title='bbox 1051 2906 1085 2962; x_wconf 90' lang='lat' dir='ltr'><strong>et</strong></span> <span class='ocrx_word' id='word_1_114' title='bbox 1105 2899 1255 2963; x_wconf 79' lang='lat' dir='ltr'><strong>mananti</strong></span> 
     </span>
    </p>
   </div>
   <div class='ocr_carea' id='block_1_5' title="bbox 254 3082 817 3142">
    <p class='ocr_par' dir='ltr' id='par_1_8' title="bbox 254 3082 817 3142">
     <span class='ocr_line' id='line_1_17' title="bbox 254 3082 817 3142; baseline -0.004 -2"><span class='ocrx_word' id='word_1_115' title='bbox 254 3084 303 3140; x_wconf 81' lang='lat' dir='ltr'><strong>tta.</strong></span> <span class='ocrx_word' id='word_1_116' title='bbox 320 3101 355 3138; x_wconf 81' lang='lat' dir='ltr'><strong>sn</strong></span> <span class='ocrx_word' id='word_1_117' title='bbox 372 3082 498 3139; x_wconf 77' lang='lat' dir='ltr'><strong>acuant</strong></span> <span class='ocrx_word' id='word_1_118' title='bbox 515 3083 567 3139; x_wconf 86' lang='lat' dir='ltr'><strong>No.</strong></span> <span class='ocrx_word' id='word_1_119' title='bbox 585 3087 646 3140; x_wconf 79' lang='lat' dir='ltr'><strong>tte.</strong></span> <span class='ocrx_word' id='word_1_120' title='bbox 666 3086 699 3138; x_wconf 81' lang='lat'><strong>12</strong></span> <span class='ocrx_word' id='word_1_121' title='bbox 718 3084 817 3142; x_wconf 77' lang='lat' dir='ltr'><strong>tauri.</strong></span> 
     </span>
    </p>
   </div>
   <div class='ocr_carea' id='block_1_6' title="bbox 166 3204 1466 3625">
    <p class='ocr_par' dir='ltr' id='par_1_9' title="bbox 166 3204 1466 3625">
     <span class='ocr_line' id='line_1_18' title="bbox 255 3204 1464 3279; baseline 0.004 -19"><span class='ocrx_word' id='word_1_122' title='bbox 255 3204 353 3260; x_wconf 82' lang='lat' dir='ltr'><strong>llieses</strong></span> <span class='ocrx_word' id='word_1_123' title='bbox 371 3204 436 3259; x_wconf 75' lang='lat' dir='ltr'><strong>tien</strong></span> <span class='ocrx_word' id='word_1_124' title='bbox 453 3205 503 3261; x_wconf 85' lang='lat' dir='ltr'><strong>hat</strong></span> <span class='ocrx_word' id='word_1_125' title='bbox 520 3204 565 3259; x_wconf 85' lang='lat' dir='ltr'><strong>die</strong></span> <span class='ocrx_word' id='word_1_126' title='bbox 578 3206 870 3278; x_wconf 78' lang='lat' dir='ltr'><strong>lligeutbrimliclulreit,</strong></span> <span class='ocrx_word' id='word_1_127' title='bbox 888 3206 954 3262; x_wconf 81' lang='lat' dir='ltr'><strong>dass</strong></span> <span class='ocrx_word' id='word_1_128' title='bbox 972 3223 1003 3262; x_wconf 84' lang='lat' dir='ltr'><strong>ea</strong></span> <span class='ocrx_word' id='word_1_129' title='bbox 1021 3207 1067 3262; x_wconf 82' lang='lat' dir='ltr'><strong>(lie</strong></span> <span class='ocrx_word' id='word_1_130' title='bbox 1084 3206 1231 3279; x_wconf 75' lang='lat' dir='ltr'><strong>Wirlrung</strong></span> <span class='ocrx_word' id='word_1_131' title='bbox 1248 3206 1298 3262; x_wconf 81' lang='lat' dir='ltr'><strong>des</strong></span> <span class='ocrx_word' id='word_1_132' title='bbox 1311 3208 1338 3262; x_wconf 80' lang='lat' dir='ltr'><strong>lt.</strong></span> <span class='ocrx_word' id='word_1_133' title='bbox 1352 3206 1464 3266; x_wconf 70' lang='lat' dir='ltr'><strong>orista</strong></span> 
     </span>
     <span class='ocr_line' id='line_1_19' title="bbox 166 3290 1463 3368; baseline 0 -19"><span class='ocrx_word' id='word_1_134' title='bbox 166 3293 204 3349; x_wconf 91' lang='lat' dir='ltr'><strong>im</strong></span> <span class='ocrx_word' id='word_1_135' title='bbox 221 3307 310 3349; x_wconf 87' lang='lat' dir='ltr'><strong>neuen</strong></span> <span class='ocrx_word' id='word_1_136' title='bbox 329 3292 506 3348; x_wconf 78' lang='lat' dir='ltr'><strong>Testamenta</strong></span> <span class='ocrx_word' id='word_1_137' title='bbox 523 3293 711 3362; x_wconf 85' lang='lat' dir='ltr'><strong>bervorhebt,</strong></span> <span class='ocrx_word' id='word_1_138' title='bbox 730 3309 791 3350; x_wconf 81' lang='lat' dir='ltr'><strong>was</strong></span> <span class='ocrx_word' id='word_1_139' title='bbox 810 3293 839 3348; x_wconf 92' lang='lat' dir='ltr'><strong>in</strong></span> <span class='ocrx_word' id='word_1_140' title='bbox 858 3294 912 3350; x_wconf 75' lang='lat' dir='ltr'><strong>«len</strong></span> <span class='ocrx_word' id='word_1_141' title='bbox 924 3294 1036 3349; x_wconf 67' lang='lat' dir='ltr'><strong>‘andern</strong></span> <span class='ocrx_word' id='word_1_142' title='bbox 1052 3293 1172 3349; x_wconf 71' lang='lat' dir='ltr'><strong>taenari</strong></span> <span class='ocrx_word' id='word_1_143' title='bbox 1190 3290 1243 3349; x_wconf 84' lang='lat' dir='ltr'><strong>ani</strong></span> <span class='ocrx_word' id='word_1_144' title='bbox 1256 3293 1313 3350; x_wconf 79' lang='lat' dir='ltr'><strong>alle</strong></span> <span class='ocrx_word' id='word_1_145' title='bbox 1330 3292 1463 3368; x_wconf 67' lang='lat' dir='ltr'><strong>lleiligen</strong></span> 
     </span>
     <span class='ocr_line' id='line_1_20' title="bbox 166 3378 1465 3454; baseline -0.001 -16"><span class='ocrx_word' id='word_1_146' title='bbox 166 3380 244 3438; x_wconf 82' lang='lat' dir='ltr'><strong>nicltt</strong></span> <span class='ocrx_word' id='word_1_147' title='bbox 260 3379 428 3436; x_wconf 79' lang='lat' dir='ltr'><strong>rorlommt</strong></span> <span class='ocrx_word' id='word_1_148' title='bbox 462 3380 500 3433; x_wconf 76' lang='lat' dir='ltr'><strong>Es</strong></span> <span class='ocrx_word' id='word_1_149' title='bbox 518 3379 587 3451; x_wconf 74' lang='lat' dir='ltr'><strong>geht</strong></span> <span class='ocrx_word' id='word_1_150' title='bbox 604 3380 694 3436; x_wconf 80' lang='lat' dir='ltr'><strong>daber</strong></span> <span class='ocrx_word' id='word_1_151' title='bbox 711 3381 783 3436; x_wconf 88' lang='lat' dir='ltr'><strong>uach</strong></span> <span class='ocrx_word' id='word_1_152' title='bbox 807 3379 858 3435; x_wconf 85' lang='lat' dir='ltr'><strong>der</strong></span> <span class='ocrx_word' id='word_1_153' title='bbox 877 3379 1077 3452; x_wconf 79' lang='lat' dir='ltr'><strong>limpiingnisa</strong></span> <span class='ocrx_word' id='word_1_154' title='bbox 1102 3381 1197 3454; x_wconf 74' lang='lat' dir='ltr'><strong>gleieb</strong></span> <span class='ocrx_word' id='word_1_155' title='bbox 1214 3378 1269 3436; x_wconf 82' lang='lat' dir='ltr'><strong>aui</strong></span> <span class='ocrx_word' id='word_1_156' title='bbox 1281 3380 1326 3436; x_wconf 78' lang='lat' dir='ltr'><strong>die</strong></span> <span class='ocrx_word' id='word_1_157' title='bbox 1342 3381 1465 3453; x_wconf 71' lang='lat' dir='ltr'><strong>Apostsl</strong></span> 
     </span>
     <span class='ocr_line' id='line_1_21' title="bbox 166 3465 1466 3540; baseline 0.002 -17"><span class='ocrx_word' id='word_1_158' title='bbox 166 3467 238 3523; x_wconf 78' lang='lat' dir='ltr'><strong>tiber</strong></span> <span class='ocrx_word' id='word_1_159' title='bbox 259 3465 316 3521; x_wconf 84' lang='lat' dir='ltr'><strong>nntl</strong></span> <span class='ocrx_word' id='word_1_160' title='bbox 340 3466 415 3521; x_wconf 85' lang='lat' dir='ltr'><strong>reiltt</strong></span> <span class='ocrx_word' id='word_1_161' title='bbox 437 3481 474 3521; x_wconf 88' lang='lat' dir='ltr'><strong>an</strong></span> <span class='ocrx_word' id='word_1_162' title='bbox 492 3465 537 3521; x_wconf 84' lang='lat' dir='ltr'><strong>tlie</strong></span> <span class='ocrx_word' id='word_1_163' title='bbox 555 3465 687 3540; x_wconf 75' lang='lat' dir='ltr'><strong>Seudoug</strong></span> <span class='ocrx_word' id='word_1_164' title='bbox 710 3467 760 3523; x_wconf 83' lang='lat' dir='ltr'><strong>des</strong></span> <span class='ocrx_word' id='word_1_165' title='bbox 777 3468 804 3523; x_wconf 82' lang='lat' dir='ltr'><strong>b</strong></span> <span class='ocrx_word' id='word_1_166' title='bbox 822 3467 931 3525; x_wconf 81' lang='lat' dir='ltr'><strong>(ieistes</strong></span> <span class='ocrx_word' id='word_1_167' title='bbox 955 3468 1001 3524; x_wconf 82' lang='lat' dir='ltr'><strong>die</strong></span> <span class='ocrx_word' id='word_1_168' title='bbox 1018 3468 1126 3525; x_wconf 69' lang='lat' dir='ltr'><strong>uilem</strong></span> <span class='ocrx_word' id='word_1_169' title='bbox 1144 3467 1275 3539; x_wconf 77' lang='lat' dir='ltr'><strong>lleiligen</strong></span> <span class='ocrx_word' id='word_1_170' title='bbox 1293 3483 1347 3539; x_wconf 83' lang='lat' dir='ltr'><strong>an,</strong></span> <span class='ocrx_word' id='word_1_171' title='bbox 1378 3468 1466 3526; x_wconf 76' lang='lat' dir='ltr'><strong>deren</strong></span> 
     </span>
     <span class='ocr_line' id='line_1_22' title="bbox 167 3551 1464 3625; baseline 0.002 -16"><span class='ocrx_word' id='word_1_172' title='bbox 167 3553 260 3609; x_wconf 72' lang='lat' dir='ltr'><strong>laben</strong></span> <span class='ocrx_word' id='word_1_173' title='bbox 277 3551 333 3608; x_wconf 83' lang='lat' dir='ltr'><strong>nutl</strong></span> <span class='ocrx_word' id='word_1_174' title='bbox 350 3552 411 3609; x_wconf 78' lang='lat' dir='ltr'><strong>Totl</strong></span> <span class='ocrx_word' id='word_1_175' title='bbox 429 3568 496 3609; x_wconf 85' lang='lat' dir='ltr'><strong>rom</strong></span> <span class='ocrx_word' id='word_1_176' title='bbox 514 3554 540 3608; x_wconf 89' lang='lat' dir='ltr'><strong>h.</strong></span> <span class='ocrx_word' id='word_1_177' title='bbox 558 3553 652 3610; x_wconf 84' lang='lat' dir='ltr'><strong>Geisto</strong></span> <span class='ocrx_word' id='word_1_178' title='bbox 670 3554 788 3625; x_wconf 83' lang='lat' dir='ltr'><strong>geleitet</strong></span> <span class='ocrx_word' id='word_1_179' title='bbox 804 3556 910 3611; x_wconf 79' lang='lat' dir='ltr'><strong>warne.</strong></span> <span class='ocrx_word' id='word_1_180' title='bbox 1461 3600 1464 3605; x_wconf 93' lang='lat'>.</span> 
     </span>
    </p>
   </div>
   <div class='ocr_carea' id='block_1_7' title="bbox 253 3672 1417 3749">
    <p class='ocr_par' dir='ltr' id='par_1_10' title="bbox 253 3672 1417 3749">
     <span class='ocr_line' id='line_1_23' title="bbox 253 3672 1417 3749; baseline 0.003 -19"><span class='ocrx_word' id='word_1_181' title='bbox 253 3676 310 3730; x_wconf 82' lang='lat' dir='ltr'><strong>lier</strong></span> <span class='ocrx_word' id='word_1_182' title='bbox 328 3675 361 3731; x_wconf 83' lang='lat' dir='ltr'><strong>v.</strong></span> <span class='ocrx_word' id='word_1_183' title='bbox 379 3677 415 3730; x_wconf 82' lang='lat' dir='ltr'><strong>st</strong></span> <span class='ocrx_word' id='word_1_184' title='bbox 432 3674 530 3730; x_wconf 79' lang='lat' dir='ltr'><strong>winde</strong></span> <span class='ocrx_word' id='word_1_185' title='bbox 550 3676 647 3733; x_wconf 83' lang='lat' dir='ltr'><strong>besaer</strong></span> <span class='ocrx_word' id='word_1_186' title='bbox 664 3693 699 3733; x_wconf 87' lang='lat' dir='ltr'><strong>sn</strong></span> <span class='ocrx_word' id='word_1_187' title='bbox 716 3677 825 3733; x_wconf 78' lang='lat' dir='ltr'><strong>huten:</strong></span> <span class='ocrx_word' id='word_1_188' title='bbox 845 3677 879 3732; x_wconf 84' lang='lat' dir='ltr'><strong>tle</strong></span> <span class='ocrx_word' id='word_1_189' title='bbox 896 3684 978 3748; x_wconf 84' lang='lat' dir='ltr'><strong>patre</strong></span> <span class='ocrx_word' id='word_1_190' title='bbox 995 3683 1079 3749; x_wconf 87' lang='lat' dir='ltr'><strong>atque</strong></span> <span class='ocrx_word' id='word_1_191' title='bbox 1097 3674 1167 3734; x_wconf 83' lang='lat' dir='ltr'><strong>filio.</strong></span> <span class='ocrx_word' id='word_1_192' title='bbox 1184 3672 1186 3674; x_wconf 64' lang='grc'><strong>’</strong></span> <span class='ocrx_word' id='word_1_193' title='bbox 1202 3679 1238 3733; x_wconf 81' lang='grc'><strong>36</strong></span> <span class='ocrx_word' id='word_1_194' title='bbox 1255 3683 1350 3748; x_wconf 81' lang='lat' dir='ltr'><strong>atque,</strong></span> <span class='ocrx_word' id='word_1_195' title='bbox 1366 3674 1417 3733; x_wconf 72' lang='lat' dir='ltr'><strong>lle</strong></span> 
     </span>
    </p>
   </div>
   <div class='ocr_carea' id='block_1_8' title="bbox 166 3794 1465 4040">
    <p class='ocr_par' dir='ltr' id='par_1_11' title="bbox 166 3794 1465 4040">
     <span class='ocr_line' id='line_1_24' title="bbox 257 3794 1464 3875; baseline 0.006 -24"><span class='ocrx_word' id='word_1_196' title='bbox 257 3795 290 3850; x_wconf 86' lang='lat' dir='ltr'><strong>V.</strong></span> <span class='ocrx_word' id='word_1_197' title='bbox 308 3799 326 3851; x_wconf 83' lang='grc'>9</span> <span class='ocrx_word' id='word_1_198' title='bbox 344 3794 391 3869; x_wconf 73' lang='lat' dir='ltr'><strong>og.</strong></span> <span class='ocrx_word' id='word_1_199' title='bbox 418 3796 472 3852; x_wconf 79' lang='grc' dir='ltr'><strong>τῶν</strong></span> <span class='ocrx_word' id='word_1_200' title='bbox 490 3796 668 3865; x_wconf 68' lang='grc' dir='ltr'><strong><em>ἀποστόλων,</em></strong></span> <span class='ocrx_word' id='word_1_201' title='bbox 698 3796 782 3875; x_wconf 76' lang='grc' dir='ltr'><strong>κύριε,</strong></span> <span class='ocrx_word' id='word_1_202' title='bbox 800 3802 846 3854; x_wconf 78' lang='grc' dir='ltr'><strong>καὶ</strong></span> <span class='ocrx_word' id='word_1_203' title='bbox 863 3798 1010 3875; x_wconf 72' lang='grc' dir='ltr'><strong>προφητῶν</strong></span> <span class='ocrx_word' id='word_1_204' title='bbox 1032 3803 1077 3855; x_wconf 78' lang='grc' dir='ltr'><strong>καὶ</strong></span> <span class='ocrx_word' id='word_1_205' title='bbox 1101 3798 1186 3856; x_wconf 71' lang='grc' dir='ltr'>ὁσίων</span> <span class='ocrx_word' id='word_1_206' title='bbox 1208 3802 1254 3857; x_wconf 71' lang='lat' dir='ltr'><strong>ent</strong></span> <span class='ocrx_word' id='word_1_207' title='bbox 1277 3798 1332 3855; x_wconf 79' lang='lat' dir='ltr'><strong>teir</strong></span> <span class='ocrx_word' id='word_1_208' title='bbox 1357 3797 1464 3858; x_wconf 66' lang='lat' dir='ltr'><strong>comsit</strong></span> 
     </span>
     <span class='ocr_line' id='line_1_25' title="bbox 166 3880 1465 4040; baseline -0.003 -98"><span class='ocrx_word' id='word_1_209' title='bbox 166 3880 384 4040; x_wconf 46' lang='lat' dir='ltr'><strong>meinung</strong></span> <span class='ocrx_word' id='word_1_210' title='bbox 393 3882 446 3940; x_wconf 73' lang='lat' dir='ltr'><strong>wir</strong></span> <span class='ocrx_word' id='word_1_211' title='bbox 464 3884 576 3941; x_wconf 77' lang='grc' dir='ltr'><strong>δικαίων</strong></span> <span class='ocrx_word' id='word_1_212' title='bbox 590 3893 762 3961; x_wconf 74' lang='grc' dir='ltr'><strong><em>’προσευχαῖς</em></strong></span> <span class='ocrx_word' id='word_1_213' title='bbox 779 3884 959 3963; x_wconf 65' lang='grc' dir='ltr'><strong><em>συγχώρησὸν</em></strong></span> <span class='ocrx_word' id='word_1_214' title='bbox 975 3889 1024 3985; x_wconf 72' lang='lat' dir='ltr'><strong>proi</strong></span> <span class='ocrx_word' id='word_1_215' title='bbox 1043 3885 1132 3947; x_wconf 73' lang='grc' dir='ltr'><em>πάντα</em></span> <span class='ocrx_word' id='word_1_216' title='bbox 1141 3928 1150 3956; x_wconf 88' lang='grc'><strong><em>,</em></strong></span> <span class='ocrx_word' id='word_1_217' title='bbox 1178 3884 1249 3963; x_wconf 77' lang='lat' dir='ltr'><strong>iinsp</strong></span> <span class='ocrx_word' id='word_1_218' title='bbox 1266 3886 1465 3960; x_wconf 67' lang='grc' dir='ltr'><strong>ἕπλημμέλησα.</strong></span> 
     </span>
     <span class='ocr_line' id='line_1_26' title="bbox 341 4001 577 4039; baseline -0.013 -32"><span class='ocrx_word' id='word_1_219' title='bbox 341 4010 349 4039; x_wconf 60' lang='lat'><strong>‚</strong></span> <span class='ocrx_word' id='word_1_220' title='bbox 385 4011 392 4025; x_wconf 38' lang='lat'>⁸</span> <span class='ocrx_word' id='word_1_221' title='bbox 575 4001 577 4004; x_wconf 78' lang='grc'>,</span> 
     </span>
    </p>
   </div>
   <div class='ocr_carea' id='block_1_9' title="bbox 166 4028 1463 4220">
    <p class='ocr_par' dir='ltr' id='par_1_12' title="bbox 166 4028 1463 4220">
     <span class='ocr_line' id='line_1_27' title="bbox 254 4028 1463 4134; baseline 0.006 -24"><span class='ocrx_word' id='word_1_222' title='bbox 254 4056 288 4111; x_wconf 88' lang='lat' dir='ltr'><strong>V.</strong></span> <span class='ocrx_word' id='word_1_223' title='bbox 308 4060 350 4112; x_wconf 78' lang='lat'><strong>12.</strong></span> <span class='ocrx_word' id='word_1_224' title='bbox 375 4057 481 4114; x_wconf 75' lang='lat' dir='ltr'><strong>curiati</strong></span> <span class='ocrx_word' id='word_1_225' title='bbox 504 4058 654 4131; x_wconf 75' lang='lat' dir='ltr'><strong>magnalia</strong></span> <span class='ocrx_word' id='word_1_226' title='bbox 689 4057 783 4116; x_wconf 81' lang='lat' dir='ltr'><strong>Dabar</strong></span> <span class='ocrx_word' id='word_1_227' title='bbox 805 4028 917 4133; x_wconf 73' lang='lat' dir='ltr'><strong>erlrlirt</strong></span> <span class='ocrx_word' id='word_1_228' title='bbox 938 4063 1058 4119; x_wconf 67' lang='lat' dir='ltr'><strong>istm.</strong></span> <span class='ocrx_word' id='word_1_229' title='bbox 1082 4062 1111 4118; x_wconf 91' lang='lat' dir='ltr'><strong>in</strong></span> <span class='ocrx_word' id='word_1_230' title='bbox 1135 4079 1176 4134; x_wconf 80' lang='lat' dir='ltr'><strong>ps</strong></span> <span class='ocrx_word' id='word_1_231' title='bbox 1202 4064 1261 4132; x_wconf 88' lang='lat' dir='ltr'><strong>tot,</strong></span> <span class='ocrx_word' id='word_1_232' title='bbox 1279 4063 1323 4117; x_wconf 81' lang='lat'><strong>29.</strong></span> <span class='ocrx_word' id='word_1_233' title='bbox 1348 4060 1394 4116; x_wconf 86' lang='lat' dir='ltr'><strong>die</strong></span> <span class='ocrx_word' id='word_1_234' title='bbox 1412 4060 1463 4117; x_wconf 86' lang='lat' dir='ltr'><strong>Bs-</strong></span> 
     </span>
     <span class='ocr_line' id='line_1_28' title="bbox 166 4144 933 4220; baseline 0.007 -22"><span class='ocrx_word' id='word_1_235' title='bbox 166 4158 297 4215; x_wconf 72' lang='lat' dir='ltr'><strong>nennnng</strong></span> <span class='ocrx_word' id='word_1_236' title='bbox 314 4148 424 4220; x_wconf 58' lang='lat' dir='ltr'><strong>xpectat</strong></span> <span class='ocrx_word' id='word_1_237' title='bbox 442 4145 530 4201; x_wconf 85' lang='lat' dir='ltr'><strong>durch</strong></span> <span class='ocrx_word' id='word_1_238' title='bbox 548 4144 705 4202; x_wconf 75' lang='grc' dir='ltr'><strong>ἀπόστολοι.</strong></span> <span class='ocrx_word' id='word_1_239' title='bbox 928 4174 933 4185; x_wconf 88' lang='grc'><strong><em>·</em></strong></span> 
     </span>
    </p>
   </div>
   <div class='ocr_carea' id='block_1_10' title="bbox 536 4529 1092 4628">
    <p class='ocr_par' dir='ltr' id='par_1_13' title="bbox 478 4529 1092 4651">
     <span class='ocr_line' id='line_1_29' title="bbox 536 4529 1092 4628; baseline 0.007 -25.622"><span class='ocrx_word' id='word_1_240' title='bbox 536 4529 622 4604; x_wconf 79' lang='grc'><strong>637.</strong></span> <span class='ocrx_word' id='word_1_241' title='bbox 658 4531 716 4602; x_wconf 82' lang='lat' dir='ltr'><strong>Dc</strong></span> <span class='ocrx_word' id='word_1_242' title='bbox 742 4531 856 4628; x_wconf 83' lang='lat' dir='ltr'><strong>petrin</strong></span> <span class='ocrx_word' id='word_1_243' title='bbox 882 4544 1092 4606; x_wconf 79' lang='lat' dir='ltr'><strong>sauciorum.</strong></span> 
     </span>
    </p>
   </div>
   <div class='ocr_carea' id='block_1_11' title="bbox 164 4760 1462 5347">
    <p class='ocr_par' dir='ltr' id='par_1_14' title="bbox 166 4760 1204 4849">
     <span class='ocr_line' id='line_1_30' title="bbox 166 4760 1204 4849; baseline 0.008 -22"><span class='ocrx_word' id='word_1_244' title='bbox 166 4761 263 4827; x_wconf 80' lang='lat' dir='ltr'><strong>(lives</strong></span> <span class='ocrx_word' id='word_1_245' title='bbox 286 4760 427 4829; x_wconf 80' lang='lat' dir='ltr'><strong>coelestis</strong></span> <span class='ocrx_word' id='word_1_246' title='bbox 448 4760 579 4843; x_wconf 80' lang='lat' dir='ltr'><strong>patria,</strong></span> <span class='ocrx_word' id='word_1_247' title='bbox 653 4814 655 4818; x_wconf 15' lang='grc' dir='ltr'><em>Α</em></span> <span class='ocrx_word' id='word_1_248' title='bbox 841 4764 952 4849; x_wconf 83' lang='lat' dir='ltr'><strong>laspis</strong></span> <span class='ocrx_word' id='word_1_249' title='bbox 975 4768 1085 4833; x_wconf 85' lang='lat' dir='ltr'><strong>colore</strong></span> <span class='ocrx_word' id='word_1_250' title='bbox 1109 4769 1204 4834; x_wconf 87' lang='lat' dir='ltr'><strong>viridi</strong></span> 
     </span>
    </p>

    <p class='ocr_par' dir='ltr' id='par_1_15' title="bbox 166 4863 1254 4954">
     <span class='ocr_line' id='line_1_31' title="bbox 166 4863 1254 4954; baseline 0.009 -28"><span class='ocrx_word' id='word_1_251' title='bbox 166 4863 241 4949; x_wconf 57' lang='lat' dir='ltr'><strong>regi&gt;</strong></span> <span class='ocrx_word' id='word_1_252' title='bbox 259 4882 373 4943; x_wconf 79' lang='lat' dir='ltr'><strong>regum</strong></span> <span class='ocrx_word' id='word_1_253' title='bbox 394 4864 573 4946; x_wconf 87' lang='lat' dir='ltr'><strong>concinite,</strong></span> <span class='ocrx_word' id='word_1_254' title='bbox 666 4902 667 4906; x_wconf 62' lang='lat'><em>=</em></span> <span class='ocrx_word' id='word_1_255' title='bbox 840 4868 975 4952; x_wconf 81' lang='lat' dir='ltr'><strong>praeiert</strong></span> <span class='ocrx_word' id='word_1_256' title='bbox 996 4871 1136 4935; x_wconf 86' lang='lat' dir='ltr'><strong>virorem</strong></span> <span class='ocrx_word' id='word_1_257' title='bbox 1159 4872 1254 4954; x_wconf 85' lang='lat' dir='ltr'><strong>fidei,</strong></span> 
     </span>
    </p>

    <p class='ocr_par' dir='ltr' id='par_1_16' title="bbox 164 4966 1462 5260">
     <span class='ocr_line' id='line_1_32' title="bbox 166 4966 1315 5054; baseline 0.004 -23"><span class='ocrx_word' id='word_1_258' title='bbox 166 4966 220 5049; x_wconf 86' lang='lat' dir='ltr'><strong>qui</strong></span> <span class='ocrx_word' id='word_1_259' title='bbox 241 4975 292 5030; x_wconf 86' lang='lat' dir='ltr'><strong>ost</strong></span> <span class='ocrx_word' id='word_1_260' title='bbox 313 4985 482 5049; x_wconf 84' lang='lat' dir='ltr'><strong>supremus</strong></span> <span class='ocrx_word' id='word_1_261' title='bbox 504 4968 615 5051; x_wconf 81' lang='lat' dir='ltr'><strong>opifex</strong></span> <span class='ocrx_word' id='word_1_262' title='bbox 842 4988 914 5051; x_wconf 79' lang='lat' dir='ltr'><strong>quae</strong></span> <span class='ocrx_word' id='word_1_263' title='bbox 935 4970 967 5034; x_wconf 90' lang='lat' dir='ltr'><strong>in</strong></span> <span class='ocrx_word' id='word_1_264' title='bbox 989 4972 1145 5054; x_wconf 85' lang='lat' dir='ltr'><strong>perlectis</strong></span> <span class='ocrx_word' id='word_1_265' title='bbox 1168 4975 1315 5040; x_wconf 88' lang='lat' dir='ltr'><strong>omuibus</strong></span> 
     </span>
     <span class='ocr_line' id='line_1_33' title="bbox 165 5058 1462 5160; baseline 0.008 -28"><span class='ocrx_word' id='word_1_266' title='bbox 165 5067 304 5132; x_wconf 86' lang='lat' dir='ltr'><strong>civitatis</strong></span> <span class='ocrx_word' id='word_1_267' title='bbox 327 5068 485 5149; x_wconf 76' lang='lat' dir='ltr'><strong>uranicae,</strong></span> <span class='ocrx_word' id='word_1_268' title='bbox 810 5058 812 5063; x_wconf 58' lang='grc'><strong>’</strong></span> <span class='ocrx_word' id='word_1_269' title='bbox 840 5061 1002 5155; x_wconf 89' lang='lat' dir='ltr'><strong>nunquam</strong></span> <span class='ocrx_word' id='word_1_270' title='bbox 1023 5079 1192 5142; x_wconf 88' lang='lat' dir='ltr'><strong>marcescit</strong></span> <span class='ocrx_word' id='word_1_271' title='bbox 1213 5078 1356 5160; x_wconf 91' lang='lat' dir='ltr'><strong>penitus,</strong></span> <span class='ocrx_word' id='word_1_272' title='bbox 1422 5082 1462 5144; x_wconf 87' lang='lat' dir='ltr'><strong>to</strong></span> 
     </span>
     <span class='ocr_line' id='line_1_34' title="bbox 164 5168 1209 5260; baseline 0.009 -27"><span class='ocrx_word' id='word_1_273' title='bbox 164 5170 197 5234; x_wconf 93' lang='lat' dir='ltr'><strong>iu</strong></span> <span class='ocrx_word' id='word_1_274' title='bbox 219 5171 311 5253; x_wconf 88' lang='lat' dir='ltr'><strong>cujus</strong></span> <span class='ocrx_word' id='word_1_275' title='bbox 334 5168 474 5236; x_wconf 84' lang='lat' dir='ltr'><strong>aedificio</strong></span> <span class='ocrx_word' id='word_1_276' title='bbox 768 5175 787 5236; x_wconf 83' lang='lat'>5</span> <span class='ocrx_word' id='word_1_277' title='bbox 841 5174 934 5258; x_wconf 88' lang='lat' dir='ltr'><strong>cujus</strong></span> <span class='ocrx_word' id='word_1_278' title='bbox 956 5175 1033 5239; x_wconf 84' lang='lat' dir='ltr'><strong>forti</strong></span> <span class='ocrx_word' id='word_1_279' title='bbox 1054 5179 1209 5260; x_wconf 83' lang='lat' dir='ltr'><strong>praesidio</strong></span> 
     </span>
    </p>

    <p class='ocr_par' dir='ltr' id='par_1_17' title="bbox 164 5273 1161 5347">
     <span class='ocr_line' id='line_1_35' title="bbox 164 5273 1161 5347; baseline 0.008 -8"><span class='ocrx_word' id='word_1_280' title='bbox 164 5274 237 5339; x_wconf 86' lang='lat' dir='ltr'><strong>talis</strong></span> <span class='ocrx_word' id='word_1_281' title='bbox 260 5281 349 5339; x_wconf 85' lang='lat' dir='ltr'><strong>extat</strong></span> <span class='ocrx_word' id='word_1_282' title='bbox 371 5273 527 5341; x_wconf 78' lang='lat' dir='ltr'><strong>fundatio.</strong></span> <span class='ocrx_word' id='word_1_283' title='bbox 840 5277 1000 5342; x_wconf 85' lang='lat' dir='ltr'><strong>resistitur</strong></span> <span class='ocrx_word' id='word_1_284' title='bbox 1023 5277 1161 5347; x_wconf 86' lang='lat' dir='ltr'><strong>diabolo.</strong></span> 
     </span>
    </p>
   </div>
   <div class='ocr_carea' id='block_1_12' title="bbox 0 0 1638 6516">
    <p class='ocr_par' dir='ltr' id='par_1_18' title="bbox 0 0 1638 6516">
     <span class='ocr_line' id='line_1_36' title="bbox 0 0 1638 6516; baseline 0 0"><span class='ocrx_word' id='word_1_285' title='bbox 0 0 1638 6516; x_wconf 95' lang='lat' dir='ltr'><strong> </strong></span> 
     </span>
    </p>
   </div>
  </div>
 </body>
</html>
