3250 6517
502 1290 588 1364 652.
625 1289 683 1362 lte
709 1314 736 1361 s.
761 1285 927 1362 debanna
954 1287 1114 1386 baptista.

168 1516 268 1584 Salve
292 1520 462 1584 iohannes
485 1520 597 1601 bodie,

169 1641 263 1704 quem
285 1642 345 1684 rex
368 1623 520 1704 perennis
544 1623 657 1704 gloriae

211 1744 281 1807 prae
304 1724 422 1787 ceteris
442 1725 604 1806 respexit,

168 1827 352 1907 dohanneS,
375 1825 427 1891 dei
451 1830 572 1908 gratia,

167 1950 228 2015 per
251 1932 338 1994 orbis
360 1938 460 1994 terrae
483 1933 588 2015 spatia

211 2042 243 2099 te
267 2036 371 2118 major
394 2054 458 2099 non
482 2034 630 2098 surrexit.

168 2225 250 2290 Nam
274 2226 422 2307 Gabriel,
445 2227 498 2308 qni
523 2225 640 2289 domini

169 2338 358 2412 conceptum
382 2349 509 2395 sacrum
533 2330 650 2412 virgini

213 2431 378 2497 denuntiat
400 2434 530 2515 Mariae,

169 2534 222 2599 hie
243 2536 353 2618 templi
376 2536 408 2598 iu
434 2537 565 2600 oraculo

168 2638 247 2702 loris
269 2647 395 2702 astante
419 2640 541 2724 populo

210 2740 357 2823 promisit
379 2741 569 2823 Zachariae,

166 2925 260 2993 Licet
282 2937 380 2993 aetate
407 2929 519 3008 debili,

167 3029 339 3097 Illizabeth
361 3053 403 3095 ex
427 3032 527 3094 sterili

210 3141 244 3197 te
266 3135 337 3198 lore
358 3134 569 3213 nasciturum,

169 3254 300 3318 nomen,
323 3236 454 3298 vivendi
476 3236 628 3318 studium,

169 3340 267 3404 officii
288 3341 500 3422 praeconinm,

210 3451 243 3507 te
267 3462 415 3525 maguum
438 3444 501 3507 lert
524 3444 676 3527 futurum,

166 3632 368 3716 Repleudum
389 3643 502 3698 saneto
526 3635 640 3716 spiritu

168 3735 274 3799 adhuc
295 3736 327 3798 in
350 3738 476 3799 ventris*
496 3737 615 3799 ambitu

210 3839 279 3902 sinc
303 3839 407 3921 eulpae
432 3839 580 3920 sequela:

165 3939 225 4004 sed
247 3938 425 4006 Zacharias
448 3941 618 4022 tremulnS,

167 4045 275 4108 verbis
298 4045 369 4129 ejus
392 4045 596 4127 incredulus,

208 4147 354 4231 privatur
377 4168 451 4213 mox
474 4149 611 4232 loquela.

165 4337 311 4403 Inclusus
333 4340 455 4401 ventris
478 4341 601 4420 gremio

166 4449 201 4503 tu
215 4438 391 4523 'exultabas
415 4438 534 4519 gaudio

210 4541 252 4606 ad
275 4559 389 4605 vocem
411 4542 578 4606 salutantis

165 4644 295 4725 Mariae,
315 4663 385 4709 cnm
408 4645 561 4709 anriculae

165 4747 305 4811 insonuit
327 4748 463 4813 aniculae

208 4849 376 4915 Elisabeth
399 4853 607 4934 praegnantis.

166 5036 344 5104 occurrere
367 5040 508 5124 tripudio

164 5150 199 5208 tu
221 5144 323 5226 gestis
346 5144 398 5208 dei
420 5143 487 5209 filio

206 5245 239 5310 in
258 5246 384 5328 virgine
405 5248 544 5329 latente,

843 1517 1040 1582 subtrahitur
1064 1517 1232 1599 moestitia,

844 1640 938 1702 quam
961 1621 1107 1701 pluribus
1131 1620 1244 1683 laetitia

887 1723 1051 1784 confertur
1074 1729 1106 1783 te
1129 1729 1292 1785 nascente.

771 1934 789 1992 5
843 1907 923 1972 Cum
946 1918 1000 1972 tua
1024 1910 1263 1974 circumciditur

844 2030 939 2092 caro,
959 2032 978 2073 a
1001 2019 1093 2094 patre
1116 2013 1285 2076 scribitur:

888 2115 1073 2197 ,Juhannes
1094 2113 1304 2180 nominatur“.

843 2237 908 2282 vox
932 2219 1037 2282 statim
1059 2218 1106 2281 illi
1129 2220 1291 2301 redditur,

844 2342 907 2404 qua
932 2321 1012 2385 dens
1031 2321 1248 2404 benedicitur,

884 2426 979 2508 plebs
1003 2427 1104 2489 omnis
1129 2426 1313 2491 admiratur.

750 2535 789 2596 10
842 2617 890 2681 Tu
912 2619 944 2681 iu
968 2618 1106 2682 desertis
1129 2618 1255 2700 latitaS,

842 2742 923 2804 puer
946 2740 1090 2785 seorsum
1118 2723 1244 2786 habitas

886 2825 1012 2888 virtutis
1036 2828 1077 2889 cb
1101 2834 1322 2909 augmentum,

842 2927 975 2991 locustae
998 2927 1093 2991 mella
1116 2928 1261 3011 epulum,

842 3030 962 3095 fluenta
984 3041 1102 3115 parant
1121 3033 1292 3115 poculum,

750 3135 789 3195 15
888 3134 1001 3196 cameli
1024 3141 1251 3216 tegumentum.

842 3320 988 3384 Diversis
1011 3320 1175 3385 dissimilia

844 3426 955 3489 salutis
979 3424 1059 3489 dans
1082 3428 1217 3492 consilia

885 3529 970 3591 viam
994 3528 1122 3594 Christo
1146 3533 1304 3613 parabas,

842 3632 1001 3713 baptisma
1025 3632 1104 3696 dans
1128 3635 1249 3698 notitiae

746 3738 787 3798 20
843 3729 977 3816 Christi,
1001 3734 1060 3797 sed
1083 3736 1280 3819 paenitentiae

885 3838 1075 3920 baptismum
1097 3838 1310 3922 praedicabas,

841 4030 920 4095 Cum
943 4031 973 4093 in
996 4029 1151 4093 dardanis
1176 4029 1304 4093 flumine
1379 4087 1382 4092 .

840 4134 920 4197 deus
943 4141 1036 4196 natus
1060 4152 1101 4195 ex
1124 4133 1251 4214 virgine

884 4256 904 4299 a
926 4244 958 4297 te
982 4234 1225 4316 baptizabatur,

744 4340 785 4402 25
840 4357 922 4403 voce
945 4346 1039 4421 pater
1061 4337 1223 4419 ingenitus

840 4443 927 4505 etin
949 4441 1096 4505 columba
1119 4442 1252 4523 spiritus

883 4546 940 4608 tibi
963 4546 1180 4609 revelabatur.

838 4734 969 4819 Agunm
993 4736 1045 4798 dei
1068 4737 1221 4816 existere,

743 4850 784 4914 30
837 4849 974 4925 peccata
996 4839 1104 4903 mnndi
1129 4840 1244 4904 tollere

882 4944 993 5008 desum
1017 4963 1088 5008 cum
1109 4943 1294 5027 indicabas,

839 5048 869 5110 ei
892 5049 934 5112 cb
957 5046 1181 5110 excellentiam

839 5159 871 5214 te
894 5150 1023 5213 solvere
1047 5150 1219 5231 corrigiam

882 5252 1045 5335 iudignum
1064 5253 1246 5336 judicabas.
