<?xml version="1.0" encoding="UTF-8"?>
<!DOCTYPE html PUBLIC "-//W3C//DTD XHTML 1.0 Transitional//EN"
    "http://www.w3.org/TR/xhtml1/DTD/xhtml1-transitional.dtd">
<html xmlns="http://www.w3.org/1999/xhtml" xml:lang="en" lang="en">
 <head>
  <title>
</title>
<meta http-equiv="Content-Type" content="text/html;charset=utf-8" />
  <meta name='ocr-system' content='tesseract 3.04.00' />
  <meta name='ocr-capabilities' content='ocr_page ocr_carea ocr_par ocr_line ocrx_word'/>
</head>
<body>
  <div class='ocr_page' id='page_1' title='image "./lateinischehymn00monegoog/lateinischehymn00monegoog_0413.png"; bbox 0 0 3250 6517; ppageno 0'>
   <div class='ocr_carea' id='block_1_1' title="bbox 513 1274 1143 1395">
    <p class='ocr_par' dir='ltr' id='par_1_1' title="bbox 513 1271 1143 1395">
     <span class='ocr_line' id='line_1_1' title="bbox 513 1274 1143 1395; baseline -0.002 -27"><span class='ocrx_word' id='word_1_1' title='bbox 513 1274 625 1370; x_wconf 63' lang='lat'>1040:</span> <span class='ocrx_word' id='word_1_2' title='bbox 660 1293 720 1367; x_wconf 71' lang='lat' dir='ltr'><strong>ne</strong></span> <span class='ocrx_word' id='word_1_3' title='bbox 745 1320 773 1367; x_wconf 71' lang='lat' dir='ltr'><strong>s.</strong></span> <span class='ocrx_word' id='word_1_4' title='bbox 796 1293 945 1394; x_wconf 69' lang='lat' dir='ltr'><strong>Magno.</strong></span> <span class='ocrx_word' id='word_1_5' title='bbox 982 1293 1143 1395; x_wconf 55' lang='lat' dir='ltr'><strong>lemnus</strong></span> 
     </span>
    </p>
   </div>
   <div class='ocr_carea' id='block_1_2' title="bbox 170 1507 1238 1806">
    <p class='ocr_par' dir='ltr' id='par_1_2' title="bbox 170 1507 1238 1806">
     <span class='ocr_line' id='line_1_2' title="bbox 170 1507 1195 1602; baseline -0.004 -18"><span class='ocrx_word' id='word_1_6' title='bbox 170 1517 299 1602; x_wconf 78' lang='lat' dir='ltr'><strong>Pangat</strong></span> <span class='ocrx_word' id='word_1_7' title='bbox 319 1523 424 1582; x_wconf 84' lang='lat' dir='ltr'><strong>mater</strong></span> <span class='ocrx_word' id='word_1_8' title='bbox 446 1513 586 1580; x_wconf 85' lang='lat' dir='ltr'><strong>ecelesia</strong></span> <span class='ocrx_word' id='word_1_9' title='bbox 847 1525 942 1581; x_wconf 85' lang='lat' dir='ltr'><strong>utens</strong></span> <span class='ocrx_word' id='word_1_10' title='bbox 963 1507 997 1579; x_wconf 90' lang='lat' dir='ltr'><strong>in</strong></span> <span class='ocrx_word' id='word_1_11' title='bbox 1019 1514 1195 1580; x_wconf 85' lang='lat' dir='ltr'><strong>ministerio</strong></span> 
     </span>
     <span class='ocr_line' id='line_1_3' title="bbox 173 1618 1238 1703; baseline 0.001 -19"><span class='ocrx_word' id='word_1_12' title='bbox 173 1621 287 1685; x_wconf 89' lang='lat' dir='ltr'><strong>summi</strong></span> <span class='ocrx_word' id='word_1_13' title='bbox 308 1620 397 1702; x_wconf 84' lang='lat' dir='ltr'><strong>regis</strong></span> <span class='ocrx_word' id='word_1_14' title='bbox 419 1618 605 1703; x_wconf 85' lang='lat' dir='ltr'><strong>praeeonia‚</strong></span> <span class='ocrx_word' id='word_1_15' title='bbox 848 1619 1039 1702; x_wconf 80' lang='lat' dir='ltr'><strong>angelorum</strong></span> <span class='ocrx_word' id='word_1_16' title='bbox 1063 1621 1238 1685; x_wconf 77' lang='lat' dir='ltr'><strong>consortio.</strong></span> 
     </span>
     <span class='ocr_line' id='line_1_4' title="bbox 171 1719 565 1806; baseline -0.013 -20"><span class='ocrx_word' id='word_1_17' title='bbox 171 1741 290 1806; x_wconf 84' lang='lat' dir='ltr'><strong>magna</strong></span> <span class='ocrx_word' id='word_1_18' title='bbox 313 1720 365 1785; x_wconf 94' lang='lat' dir='ltr'><strong>dei</strong></span> <span class='ocrx_word' id='word_1_19' title='bbox 387 1719 565 1802; x_wconf 82' lang='lat' dir='ltr'><strong>magnalia,</strong></span> 
     </span>
    </p>
   </div>
   <div class='ocr_carea' id='block_1_3' title="bbox 169 1806 1257 1976">
    <p class='ocr_par' dir='ltr' id='par_1_3' title="bbox 169 1806 1257 1976">
     <span class='ocr_line' id='line_1_5' title="bbox 169 1806 1257 1909; baseline -0.017 -18"><span class='ocrx_word' id='word_1_20' title='bbox 169 1846 289 1909; x_wconf 82' lang='lat' dir='ltr'><strong>magua</strong></span> <span class='ocrx_word' id='word_1_21' title='bbox 310 1824 423 1907; x_wconf 83' lang='lat' dir='ltr'><strong>Magni</strong></span> <span class='ocrx_word' id='word_1_22' title='bbox 446 1822 611 1887; x_wconf 86' lang='lat' dir='ltr'><strong>solemnia.</strong></span> <span class='ocrx_word' id='word_1_23' title='bbox 847 1806 927 1871; x_wconf 72' lang='lat' dir='ltr'><strong>Post</strong></span> <span class='ocrx_word' id='word_1_24' title='bbox 949 1807 991 1872; x_wconf 77' lang='lat' dir='ltr'><strong>ab</strong></span> <span class='ocrx_word' id='word_1_25' title='bbox 1015 1807 1257 1891; x_wconf 78' lang='lat' dir='ltr'><strong>apparitoribus</strong></span> 
     </span>
     <span class='ocr_line' id='line_1_6' title="bbox 848 1909 1239 1976; baseline 0.005 -3"><span class='ocrx_word' id='word_1_26' title='bbox 848 1916 955 1973; x_wconf 89' lang='lat' dir='ltr'><strong>tentus</strong></span> <span class='ocrx_word' id='word_1_27' title='bbox 978 1918 1012 1974; x_wconf 88' lang='lat' dir='ltr'><strong>et</strong></span> <span class='ocrx_word' id='word_1_28' title='bbox 1034 1909 1239 1976; x_wconf 83' lang='lat' dir='ltr'><strong>carnificibus</strong></span> 
     </span>
    </p>
   </div>
   <div class='ocr_carea' id='block_1_4' title="bbox 78 2009 1282 3194">
    <p class='ocr_par' dir='ltr' id='par_1_4' title="bbox 171 2009 1251 2096">
     <span class='ocr_line' id='line_1_7' title="bbox 171 2009 1251 2096; baseline 0 -18"><span class='ocrx_word' id='word_1_29' title='bbox 171 2010 233 2078; x_wconf 83' lang='lat' dir='ltr'><strong>Hie</strong></span> <span class='ocrx_word' id='word_1_30' title='bbox 254 2013 358 2096; x_wconf 89' lang='lat' dir='ltr'><strong>primo</strong></span> <span class='ocrx_word' id='word_1_31' title='bbox 379 2017 493 2095; x_wconf 85' lang='lat' dir='ltr'><strong>pastor</strong></span> <span class='ocrx_word' id='word_1_32' title='bbox 515 2010 636 2091; x_wconf 83' lang='lat' dir='ltr'><strong>ovium,</strong></span> <span class='ocrx_word' id='word_1_33' title='bbox 774 2010 794 2072; x_wconf 81' lang='lat'>5</span> <span class='ocrx_word' id='word_1_34' title='bbox 847 2009 910 2094; x_wconf 89' lang='lat' dir='ltr'><strong>piis</strong></span> <span class='ocrx_word' id='word_1_35' title='bbox 932 2011 1075 2095; x_wconf 80' lang='lat' dir='ltr'><strong>profusis</strong></span> <span class='ocrx_word' id='word_1_36' title='bbox 1096 2013 1251 2094; x_wconf 80' lang='lat' dir='ltr'><strong>precibus</strong></span> 
     </span>
    </p>

    <p class='ocr_par' dir='ltr' id='par_1_5' title="bbox 171 2111 1248 2196">
     <span class='ocr_line' id='line_1_8' title="bbox 171 2111 1248 2196; baseline 0.001 -18"><span class='ocrx_word' id='word_1_37' title='bbox 171 2116 276 2179; x_wconf 78' lang='lat' dir='ltr'><strong>forma</strong></span> <span class='ocrx_word' id='word_1_38' title='bbox 297 2115 402 2178; x_wconf 83' lang='lat' dir='ltr'><strong>fantus</strong></span> <span class='ocrx_word' id='word_1_39' title='bbox 425 2111 606 2193; x_wconf 88' lang='lat' dir='ltr'>humilium,</span> <span class='ocrx_word' id='word_1_40' title='bbox 842 2111 993 2196; x_wconf 79' lang='lat' dir='ltr'><strong>jungitur</strong></span> <span class='ocrx_word' id='word_1_41' title='bbox 1015 2113 1089 2178; x_wconf 85' lang='lat' dir='ltr'><strong>eoeli</strong></span> <span class='ocrx_word' id='word_1_42' title='bbox 1111 2115 1248 2181; x_wconf 77' lang='lat' dir='ltr'><strong>civibus</strong></span> 
     </span>
    </p>

    <p class='ocr_par' dir='ltr' id='par_1_6' title="bbox 171 2214 633 2284">
     <span class='ocr_line' id='line_1_9' title="bbox 171 2214 633 2284; baseline -0.011 0"><span class='ocrx_word' id='word_1_43' title='bbox 171 2216 362 2284; x_wconf 78' lang='lat' dir='ltr'><strong>conscendit</strong></span> <span class='ocrx_word' id='word_1_44' title='bbox 384 2215 470 2279; x_wconf 90' lang='lat' dir='ltr'><strong>votis</strong></span> <span class='ocrx_word' id='word_1_45' title='bbox 493 2214 633 2279; x_wconf 90' lang='lat' dir='ltr'><strong>omnium</strong></span> 
     </span>
    </p>

    <p class='ocr_par' dir='ltr' id='par_1_7' title="bbox 170 2299 1273 2489">
     <span class='ocr_line' id='line_1_10' title="bbox 170 2299 1264 2404; baseline -0.001 -20"><span class='ocrx_word' id='word_1_46' title='bbox 170 2320 337 2404; x_wconf 78' lang='lat' dir='ltr'><strong>pastorale</strong></span> <span class='ocrx_word' id='word_1_47' title='bbox 358 2318 532 2401; x_wconf 79' lang='lat' dir='ltr'><strong>fastigium.</strong></span> <span class='ocrx_word' id='word_1_48' title='bbox 846 2299 938 2383; x_wconf 65' lang='grc' dir='ltr'><strong>Εῑὲθ</strong></span> <span class='ocrx_word' id='word_1_49' title='bbox 960 2309 1085 2384; x_wconf 61' lang='lat' dir='ltr'><strong>mafilT</strong></span> <span class='ocrx_word' id='word_1_50' title='bbox 1110 2304 1264 2386; x_wconf 63' lang='grc' dir='ltr'><strong>θὲῐθὸῑθ»</strong></span> 
     </span>
     <span class='ocr_line' id='line_1_11' title="bbox 846 2400 1273 2489; baseline 0.009 -24"><span class='ocrx_word' id='word_1_51' title='bbox 846 2402 903 2467; x_wconf 87' lang='lat' dir='ltr'><strong>lux</strong></span> <span class='ocrx_word' id='word_1_52' title='bbox 925 2410 959 2466; x_wconf 90' lang='lat' dir='ltr'><strong>et</strong></span> <span class='ocrx_word' id='word_1_53' title='bbox 981 2400 1082 2467; x_wconf 84' lang='lat' dir='ltr'><strong>denus</strong></span> <span class='ocrx_word' id='word_1_54' title='bbox 1104 2404 1273 2489; x_wconf 68' lang='lat' dir='ltr'><strong>eeclesiae,</strong></span> 
     </span>
    </p>

    <p class='ocr_par' dir='ltr' id='par_1_8' title="bbox 169 2505 1269 2594">
     <span class='ocr_line' id='line_1_12' title="bbox 169 2505 1269 2594; baseline 0.002 -21"><span class='ocrx_word' id='word_1_55' title='bbox 169 2507 261 2592; x_wconf 84' lang='lat' dir='ltr'><strong>Vita,</strong></span> <span class='ocrx_word' id='word_1_56' title='bbox 286 2508 435 2574; x_wconf 82' lang='lat' dir='ltr'><strong>doctrina</strong></span> <span class='ocrx_word' id='word_1_57' title='bbox 458 2509 638 2594; x_wconf 77' lang='lat' dir='ltr'><strong>splenduit,</strong></span> <span class='ocrx_word' id='word_1_58' title='bbox 846 2513 911 2570; x_wconf 84' lang='lat' dir='ltr'><strong>tuae</strong></span> <span class='ocrx_word' id='word_1_59' title='bbox 932 2505 1127 2589; x_wconf 79' lang='lat' dir='ltr'><strong>plaudentes</strong></span> <span class='ocrx_word' id='word_1_60' title='bbox 1150 2507 1269 2590; x_wconf 80' lang='lat' dir='ltr'><strong>gloriae</strong></span> 
     </span>
    </p>

    <p class='ocr_par' dir='ltr' id='par_1_9' title="bbox 169 2607 1248 2695">
     <span class='ocr_line' id='line_1_13' title="bbox 169 2607 1248 2695; baseline 0.001 -19"><span class='ocrx_word' id='word_1_61' title='bbox 169 2612 305 2694; x_wconf 82' lang='lat' dir='ltr'><strong>insignis</strong></span> <span class='ocrx_word' id='word_1_62' title='bbox 328 2613 429 2695; x_wconf 82' lang='lat' dir='ltr'><strong>signis</strong></span> <span class='ocrx_word' id='word_1_63' title='bbox 448 2613 578 2694; x_wconf 82' lang='lat' dir='ltr'><strong>claruit,</strong></span> <span class='ocrx_word' id='word_1_64' title='bbox 754 2611 794 2677; x_wconf 84' lang='lat'><strong>10</strong></span> <span class='ocrx_word' id='word_1_65' title='bbox 846 2607 949 2672; x_wconf 83' lang='lat' dir='ltr'><strong>redde</strong></span> <span class='ocrx_word' id='word_1_66' title='bbox 973 2609 1098 2673; x_wconf 86' lang='lat' dir='ltr'><strong>eoelesti</strong></span> <span class='ocrx_word' id='word_1_67' title='bbox 1121 2613 1248 2693; x_wconf 82' lang='lat' dir='ltr'><strong>gretiae.</strong></span> 
     </span>
    </p>

    <p class='ocr_par' dir='ltr' id='par_1_10' title="bbox 168 2714 627 2800">
     <span class='ocr_line' id='line_1_14' title="bbox 168 2714 627 2800; baseline 0 -21"><span class='ocrx_word' id='word_1_68' title='bbox 168 2716 242 2800; x_wconf 89' lang='lat' dir='ltr'><strong>plus</strong></span> <span class='ocrx_word' id='word_1_69' title='bbox 265 2714 353 2799; x_wconf 81' lang='lat' dir='ltr'><strong>feeit,</strong></span> <span class='ocrx_word' id='word_1_70' title='bbox 376 2717 479 2781; x_wconf 88' lang='lat' dir='ltr'><strong>minus</strong></span> <span class='ocrx_word' id='word_1_71' title='bbox 502 2715 627 2799; x_wconf 83' lang='lat' dir='ltr'><strong>docuit,</strong></span> 
     </span>
    </p>

    <p class='ocr_par' dir='ltr' id='par_1_11' title="bbox 169 2797 1282 2971">
     <span class='ocr_line' id='line_1_15' title="bbox 169 2797 1282 2970; baseline 0 -88"><span class='ocrx_word' id='word_1_72' title='bbox 169 2821 217 2884; x_wconf 78' lang='lat' dir='ltr'><strong>sie</strong></span> <span class='ocrx_word' id='word_1_73' title='bbox 239 2819 382 2902; x_wconf 71' lang='lat' dir='ltr'><strong>praefuit,</strong></span> <span class='ocrx_word' id='word_1_74' title='bbox 407 2818 493 2902; x_wconf 81' lang='lat' dir='ltr'><strong>quod</strong></span> <span class='ocrx_word' id='word_1_75' title='bbox 515 2817 643 2903; x_wconf 81' lang='lat' dir='ltr'><strong>profuit.</strong></span> <span class='ocrx_word' id='word_1_76' title='bbox 843 2797 909 2963; x_wconf 53' lang='grc' dir='ltr'><strong>ἴω</strong></span> <span class='ocrx_word' id='word_1_77' title='bbox 933 2800 1014 2967; x_wconf 39' lang='lat' dir='ltr'><strong>zapti</strong></span> <span class='ocrx_word' id='word_1_78' title='bbox 1036 2801 1140 2967; x_wconf 60' lang='lat' dir='ltr'><strong>patris</strong></span> <span class='ocrx_word' id='word_1_79' title='bbox 1163 2804 1282 2970; x_wconf 57' lang='grc' dir='ltr'><strong>πξῒτῑῖο</strong></span> 
     </span>
     <span class='ocr_line' id='line_1_16' title="bbox 857 2920 1231 2971; baseline 0.021 -8"><span class='ocrx_word' id='word_1_80' title='bbox 857 2920 915 2966; x_wconf 84' lang='lat' dir='ltr'><strong>aus</strong></span> <span class='ocrx_word' id='word_1_81' title='bbox 952 2921 1047 2966; x_wconf 78' lang='lat'><strong>11⁸1</strong></span> <span class='ocrx_word' id='word_1_82' title='bbox 1083 2924 1115 2966; x_wconf 81' lang='lat' dir='ltr'><strong>rn</strong></span> <span class='ocrx_word' id='word_1_83' title='bbox 1142 2924 1231 2971; x_wconf 87' lang='lat' dir='ltr'><strong>erno</strong></span> 
     </span>
    </p>

    <p class='ocr_par' dir='ltr' id='par_1_12' title="bbox 78 2924 1246 3094">
     <span class='ocr_line' id='line_1_17' title="bbox 78 2924 1246 3094; baseline -0.007 -15"><span class='ocrx_word' id='word_1_84' title='bbox 78 2981 82 2987; x_wconf 20' lang='grc' dir='ltr'>ι</span> <span class='ocrx_word' id='word_1_85' title='bbox 167 3011 206 3078; x_wconf 89' lang='lat' dir='ltr'><strong>ln</strong></span> <span class='ocrx_word' id='word_1_86' title='bbox 228 3011 376 3094; x_wconf 84' lang='lat' dir='ltr'><strong>eorporis</strong></span> <span class='ocrx_word' id='word_1_87' title='bbox 399 3011 497 3075; x_wconf 87' lang='lat' dir='ltr'><strong>exilio</strong></span> <span class='ocrx_word' id='word_1_88' title='bbox 844 3003 916 3068; x_wconf 85' lang='lat' dir='ltr'><strong>laus</strong></span> <span class='ocrx_word' id='word_1_89' title='bbox 940 3004 997 3068; x_wconf 93' lang='lat' dir='ltr'><strong>tibi</strong></span> <span class='ocrx_word' id='word_1_90' title='bbox 1019 2924 1202 3090; x_wconf 59' lang='lat' dir='ltr'><strong>unigeriite,</strong></span> <span class='ocrx_word' id='word_1_91' title='bbox 1237 2954 1246 2989; x_wconf 56' lang='lat'>’</span> 
     </span>
    </p>

    <p class='ocr_par' dir='ltr' id='par_1_13' title="bbox 168 3106 1250 3194">
     <span class='ocr_line' id='line_1_18' title="bbox 168 3106 1250 3194; baseline 0.001 -18"><span class='ocrx_word' id='word_1_92' title='bbox 168 3132 212 3176; x_wconf 83' lang='lat' dir='ltr'><strong>ex</strong></span> <span class='ocrx_word' id='word_1_93' title='bbox 234 3111 374 3194; x_wconf 87' lang='lat' dir='ltr'><strong>quodam</strong></span> <span class='ocrx_word' id='word_1_94' title='bbox 396 3111 569 3193; x_wconf 80' lang='lat' dir='ltr'><strong>privilegio</strong></span> <span class='ocrx_word' id='word_1_95' title='bbox 844 3106 918 3171; x_wconf 85' lang='lat' dir='ltr'><strong>laus</strong></span> <span class='ocrx_word' id='word_1_96' title='bbox 941 3108 999 3172; x_wconf 91' lang='lat' dir='ltr'><strong>tibi</strong></span> <span class='ocrx_word' id='word_1_97' title='bbox 1016 3110 1058 3173; x_wconf 90' lang='lat' dir='ltr'><strong>sit</strong></span> <span class='ocrx_word' id='word_1_98' title='bbox 1079 3112 1250 3193; x_wconf 84' lang='lat' dir='ltr'><strong>paraclito.</strong></span> 
     </span>
    </p>
   </div>
   <div class='ocr_carea' id='block_1_5' title="bbox 167 3294 1381 3541">
    <p class='ocr_par' dir='ltr' id='par_1_14' title="bbox 167 3294 1381 3541">
     <span class='ocr_line' id='line_1_19' title="bbox 257 3294 1381 3368; baseline 0.003 -16"><span class='ocrx_word' id='word_1_99' title='bbox 257 3297 400 3368; x_wconf 81' lang='lat' dir='ltr'><strong>Perg.-lls.</strong></span> <span class='ocrx_word' id='word_1_100' title='bbox 419 3314 454 3351; x_wconf 83' lang='lat' dir='ltr'><strong>nu</strong></span> <span class='ocrx_word' id='word_1_101' title='bbox 472 3294 626 3353; x_wconf 81' lang='lat' dir='ltr'><strong>Frankfurt</strong></span> <span class='ocrx_word' id='word_1_102' title='bbox 643 3297 696 3353; x_wconf 87' lang='lat' dir='ltr'><strong>No.</strong></span> <span class='ocrx_word' id='word_1_103' title='bbox 716 3298 776 3351; x_wconf 78' lang='lat'><strong>150.</strong></span> <span class='ocrx_word' id='word_1_104' title='bbox 794 3296 844 3352; x_wconf 88' lang='lat' dir='ltr'><strong>des</strong></span> <span class='ocrx_word' id='word_1_105' title='bbox 865 3298 899 3350; x_wconf 78' lang='grc'><strong>11</strong></span> <span class='ocrx_word' id='word_1_106' title='bbox 916 3297 1015 3352; x_wconf 82' lang='lat' dir='ltr'><strong>Jahrh.</strong></span> <span class='ocrx_word' id='word_1_107' title='bbox 1035 3299 1091 3366; x_wconf 80' lang='grc' dir='ltr'><strong>(Α)</strong></span> <span class='ocrx_word' id='word_1_108' title='bbox 1117 3299 1173 3353; x_wconf 88' lang='lat' dir='ltr'><strong>und</strong></span> <span class='ocrx_word' id='word_1_109' title='bbox 1190 3299 1228 3353; x_wconf 90' lang='lat' dir='ltr'><strong>im</strong></span> <span class='ocrx_word' id='word_1_110' title='bbox 1246 3299 1328 3354; x_wconf 87' lang='lat' dir='ltr'><strong>Brev.</strong></span> <span class='ocrx_word' id='word_1_111' title='bbox 1346 3300 1381 3355; x_wconf 81' lang='lat' dir='ltr'><strong>ln</strong></span> 
     </span>
     <span class='ocr_line' id='line_1_20' title="bbox 168 3384 1366 3455; baseline 0.003 -17"><span class='ocrx_word' id='word_1_112' title='bbox 168 3400 229 3439; x_wconf 85' lang='lat' dir='ltr'><strong>zum</strong></span> <span class='ocrx_word' id='word_1_113' title='bbox 260 3385 297 3437; x_wconf 74' lang='lat' dir='ltr'><strong>et</strong></span> <span class='ocrx_word' id='word_1_114' title='bbox 326 3385 438 3455; x_wconf 80' lang='lat' dir='ltr'><strong>August</strong></span> <span class='ocrx_word' id='word_1_115' title='bbox 473 3384 539 3453; x_wconf 91' lang='lat' dir='ltr'><strong>(B).</strong></span> <span class='ocrx_word' id='word_1_116' title='bbox 590 3385 658 3441; x_wconf 77' lang='lat' dir='ltr'><strong>zum</strong></span> <span class='ocrx_word' id='word_1_117' title='bbox 690 3384 725 3439; x_wconf 84' lang='grc'><strong>19</strong></span> <span class='ocrx_word' id='word_1_118' title='bbox 752 3385 865 3455; x_wconf 70' lang='lat' dir='ltr'><strong>August</strong></span> <span class='ocrx_word' id='word_1_119' title='bbox 896 3384 972 3439; x_wconf 83' lang='lat' dir='ltr'><strong>steht</strong></span> <span class='ocrx_word' id='word_1_120' title='bbox 1002 3400 1034 3438; x_wconf 85' lang='lat' dir='ltr'><strong>es</strong></span> <span class='ocrx_word' id='word_1_121' title='bbox 1066 3384 1094 3438; x_wconf 91' lang='lat' dir='ltr'><strong>in</strong></span> <span class='ocrx_word' id='word_1_122' title='bbox 1126 3384 1180 3440; x_wconf 85' lang='lat' dir='ltr'><strong>den</strong></span> <span class='ocrx_word' id='word_1_123' title='bbox 1211 3387 1285 3443; x_wconf 77' lang='lat' dir='ltr'><strong>Acte</strong></span> <span class='ocrx_word' id='word_1_124' title='bbox 1314 3386 1366 3444; x_wconf 81' lang='lat' dir='ltr'><strong>SS.</strong></span> 
     </span>
     <span class='ocr_line' id='line_1_21' title="bbox 167 3471 431 3541; baseline -0.011 -13"><span class='ocrx_word' id='word_1_125' title='bbox 167 3476 235 3528; x_wconf 88' lang='lat' dir='ltr'><strong>tem.</strong></span> <span class='ocrx_word' id='word_1_126' title='bbox 253 3473 279 3540; x_wconf 81' lang='lat'><strong>3,</strong></span> <span class='ocrx_word' id='word_1_127' title='bbox 298 3471 350 3524; x_wconf 74' lang='lat'><strong>705</strong></span> <span class='ocrx_word' id='word_1_128' title='bbox 368 3472 431 3541; x_wconf 83' lang='lat'>(0).</span> 
     </span>
    </p>
   </div>
   <div class='ocr_carea' id='block_1_6' title="bbox 166 3589 1381 3838">
    <p class='ocr_par' dir='ltr' id='par_1_15' title="bbox 166 3589 1381 3838">
     <span class='ocr_line' id='line_1_22' title="bbox 255 3589 1381 3666; baseline 0 -18"><span class='ocrx_word' id='word_1_129' title='bbox 255 3596 393 3666; x_wconf 76' lang='lat' dir='ltr'><strong>tmugna</strong></span> <span class='ocrx_word' id='word_1_130' title='bbox 411 3591 483 3648; x_wconf 79' lang='lat' dir='ltr'><strong>fehlt</strong></span> <span class='ocrx_word' id='word_1_131' title='bbox 501 3593 533 3646; x_wconf 89' lang='lat' dir='ltr'><strong>B.</strong></span> <span class='ocrx_word' id='word_1_132' title='bbox 576 3590 747 3646; x_wconf 76' lang='lat' dir='ltr'><strong>ilduetrinis</strong></span> <span class='ocrx_word' id='word_1_133' title='bbox 765 3592 796 3645; x_wconf 88' lang='lat' dir='ltr'><strong>B.</strong></span> <span class='ocrx_word' id='word_1_134' title='bbox 843 3593 874 3644; x_wconf 90' lang='grc'><strong>11</strong></span> <span class='ocrx_word' id='word_1_135' title='bbox 893 3591 954 3646; x_wconf 80' lang='lat' dir='ltr'><strong>vita</strong></span> <span class='ocrx_word' id='word_1_136' title='bbox 972 3589 990 3646; x_wconf 86' lang='grc'><strong>1.</strong></span> <span class='ocrx_word' id='word_1_137' title='bbox 1008 3592 1070 3646; x_wconf 88' lang='lat' dir='ltr'><strong>min.</strong></span> <span class='ocrx_word' id='word_1_138' title='bbox 1089 3594 1120 3649; x_wconf 84' lang='lat' dir='ltr'><strong>(l.</strong></span> <span class='ocrx_word' id='word_1_139' title='bbox 1166 3595 1200 3647; x_wconf 78' lang='lat'><strong>12</strong></span> <span class='ocrx_word' id='word_1_140' title='bbox 1218 3595 1294 3665; x_wconf 87' lang='lat' dir='ltr'><strong>quud</strong></span> <span class='ocrx_word' id='word_1_141' title='bbox 1311 3597 1342 3653; x_wconf 81' lang='lat' dir='ltr'><strong>c.</strong></span> <span class='ocrx_word' id='word_1_142' title='bbox 1376 3608 1381 3648; x_wconf 79' lang='lat'>1</span> 
     </span>
     <span class='ocr_line' id='line_1_23' title="bbox 168 3678 1381 3751; baseline -0.001 -13"><span class='ocrx_word' id='word_1_143' title='bbox 168 3681 242 3739; x_wconf 78' lang='lat' dir='ltr'><strong>fehlt</strong></span> <span class='ocrx_word' id='word_1_144' title='bbox 260 3682 287 3736; x_wconf 91' lang='lat' dir='ltr'><strong>in</strong></span> <span class='ocrx_word' id='word_1_145' title='bbox 305 3683 337 3738; x_wconf 82' lang='grc' dir='ltr'><strong>Α.</strong></span> <span class='ocrx_word' id='word_1_146' title='bbox 374 3683 408 3736; x_wconf 84' lang='grc'><strong>18</strong></span> <span class='ocrx_word' id='word_1_147' title='bbox 426 3678 473 3735; x_wconf 78' lang='grc' dir='ltr'><strong>1ῒιτ</strong></span> <span class='ocrx_word' id='word_1_148' title='bbox 490 3684 520 3734; x_wconf 90' lang='lat' dir='ltr'><strong>et</strong></span> <span class='ocrx_word' id='word_1_149' title='bbox 537 3684 572 3734; x_wconf 79' lang='lat' dir='ltr'><strong>st</strong></span> <span class='ocrx_word' id='word_1_150' title='bbox 591 3693 610 3734; x_wconf 82' lang='lat' dir='ltr'><strong>a</strong></span> <span class='ocrx_word' id='word_1_151' title='bbox 626 3679 656 3733; x_wconf 85' lang='lat' dir='ltr'><strong>iu</strong></span> <span class='ocrx_word' id='word_1_152' title='bbox 673 3679 707 3735; x_wconf 62' lang='lat' dir='ltr'><strong>A„</strong></span> <span class='ocrx_word' id='word_1_153' title='bbox 742 3679 779 3735; x_wconf 84' lang='lat'><strong>2⁰</strong></span> <span class='ocrx_word' id='word_1_154' title='bbox 792 3678 904 3751; x_wconf 77' lang='lat' dir='ltr'><strong>jugiter</strong></span> <span class='ocrx_word' id='word_1_155' title='bbox 921 3681 951 3734; x_wconf 91' lang='lat' dir='ltr'><strong>B.</strong></span> <span class='ocrx_word' id='word_1_156' title='bbox 987 3683 1022 3734; x_wconf 80' lang='lat'><strong>25</strong></span> <span class='ocrx_word' id='word_1_157' title='bbox 1041 3686 1121 3737; x_wconf 84' lang='lat' dir='ltr'><strong>tanto</strong></span> <span class='ocrx_word' id='word_1_158' title='bbox 1140 3682 1170 3737; x_wconf 85' lang='lat' dir='ltr'><strong>B.</strong></span> <span class='ocrx_word' id='word_1_159' title='bbox 1206 3683 1242 3735; x_wconf 75' lang='lat'><strong>27</strong></span> <span class='ocrx_word' id='word_1_160' title='bbox 1261 3682 1312 3737; x_wconf 87' lang='lat' dir='ltr'><strong>tibi</strong></span> <span class='ocrx_word' id='word_1_161' title='bbox 1326 3679 1381 3737; x_wconf 77' lang='lat' dir='ltr'><strong>fell</strong></span> 
     </span>
     <span class='ocr_line' id='line_1_24' title="bbox 166 3763 727 3838; baseline -0.012 -14"><span class='ocrx_word' id='word_1_162' title='bbox 166 3767 251 3826; x_wconf 78' lang='lat' dir='ltr'><strong>defit</strong></span> <span class='ocrx_word' id='word_1_163' title='bbox 269 3768 386 3838; x_wconf 77' lang='lat' dir='ltr'><strong>lausque</strong></span> <span class='ocrx_word' id='word_1_164' title='bbox 405 3769 435 3824; x_wconf 84' lang='lat' dir='ltr'><strong>G.</strong></span> <span class='ocrx_word' id='word_1_165' title='bbox 470 3767 506 3822; x_wconf 78' lang='lat'><strong>28</strong></span> <span class='ocrx_word' id='word_1_166' title='bbox 528 3765 567 3822; x_wconf 87' lang='lat' dir='ltr'><strong>sit</strong></span> <span class='ocrx_word' id='word_1_167' title='bbox 584 3763 657 3821; x_wconf 81' lang='lat' dir='ltr'><strong>fehlt</strong></span> <span class='ocrx_word' id='word_1_168' title='bbox 673 3766 704 3823; x_wconf 73' lang='lat' dir='ltr'><strong>e</strong></span> <span class='ocrx_word' id='word_1_169' title='bbox 725 3808 727 3812; x_wconf 27' lang='lat'><em>1</em></span> 
     </span>
    </p>
   </div>
   <div class='ocr_carea' id='block_1_7' title="bbox 377 4114 1258 4218">
    <p class='ocr_par' dir='ltr' id='par_1_16' title="bbox 377 4114 1258 4218">
     <span class='ocr_line' id='line_1_25' title="bbox 377 4114 1258 4218; baseline 0 -26"><span class='ocrx_word' id='word_1_170' title='bbox 377 4118 485 4195; x_wconf 79' lang='lat'>1041.</span> <span class='ocrx_word' id='word_1_171' title='bbox 521 4119 565 4189; x_wconf 91' lang='lat' dir='ltr'><strong>ln</strong></span> <span class='ocrx_word' id='word_1_172' title='bbox 591 4114 818 4190; x_wconf 77' lang='lat' dir='ltr'><strong>translatione</strong></span> <span class='ocrx_word' id='word_1_173' title='bbox 843 4143 871 4190; x_wconf 89' lang='lat' dir='ltr'><strong>s.</strong></span> <span class='ocrx_word' id='word_1_174' title='bbox 896 4117 1103 4190; x_wconf 84' lang='lat' dir='ltr'><strong>Mammetis.</strong></span> <span class='ocrx_word' id='word_1_175' title='bbox 1144 4146 1258 4218; x_wconf 82' lang='lat' dir='ltr'><strong>prosu.</strong></span> 
     </span>
    </p>
   </div>
   <div class='ocr_carea' id='block_1_8' title="bbox 163 4355 1289 5354">
    <p class='ocr_par' dir='ltr' id='par_1_17' title="bbox 166 4355 1200 4439">
     <span class='ocr_line' id='line_1_26' title="bbox 166 4355 1200 4439; baseline -0.001 -17"><span class='ocrx_word' id='word_1_176' title='bbox 166 4357 291 4422; x_wconf 86' lang='lat' dir='ltr'><strong>Nobilis</strong></span> <span class='ocrx_word' id='word_1_177' title='bbox 314 4357 375 4422; x_wconf 84' lang='lat' dir='ltr'><strong>llos</strong></span> <span class='ocrx_word' id='word_1_178' title='bbox 398 4355 552 4439; x_wconf 78' lang='lat' dir='ltr'><strong>Graeeise,</strong></span> <span class='ocrx_word' id='word_1_179' title='bbox 843 4356 936 4420; x_wconf 79' lang='lat' dir='ltr'><strong>annis</strong></span> <span class='ocrx_word' id='word_1_180' title='bbox 957 4374 1040 4438; x_wconf 86' lang='lat' dir='ltr'><strong>puer</strong></span> <span class='ocrx_word' id='word_1_181' title='bbox 1061 4356 1200 4421; x_wconf 85' lang='lat' dir='ltr'><strong>bissenis</strong></span> 
     </span>
    </p>

    <p class='ocr_par' dir='ltr' id='par_1_18' title="bbox 166 4457 1289 4652">
     <span class='ocr_line' id='line_1_27' title="bbox 166 4457 1251 4546; baseline 0.003 -22"><span class='ocrx_word' id='word_1_182' title='bbox 166 4461 333 4544; x_wconf 81' lang='lat' dir='ltr'><strong>speculum</strong></span> <span class='ocrx_word' id='word_1_183' title='bbox 351 4457 567 4541; x_wconf 60' lang='lat' dir='ltr'><strong>Burgundio,</strong></span> <span class='ocrx_word' id='word_1_184' title='bbox 844 4460 936 4524; x_wconf 86' lang='lat' dir='ltr'><strong>minis</strong></span> <span class='ocrx_word' id='word_1_185' title='bbox 958 4479 1123 4544; x_wconf 82' lang='lat' dir='ltr'><strong>preceque</strong></span> <span class='ocrx_word' id='word_1_186' title='bbox 1145 4464 1251 4546; x_wconf 87' lang='lat' dir='ltr'><strong>poenis</strong></span> 
     </span>
     <span class='ocr_line' id='line_1_28' title="bbox 209 4561 1289 4652; baseline -0.001 -22"><span class='ocrx_word' id='word_1_187' title='bbox 209 4565 383 4646; x_wconf 71' lang='lat' dir='ltr'><strong>Mammen,</strong></span> <span class='ocrx_word' id='word_1_188' title='bbox 406 4571 440 4627; x_wconf 91' lang='lat' dir='ltr'><strong>et</strong></span> <span class='ocrx_word' id='word_1_189' title='bbox 460 4561 641 4644; x_wconf 78' lang='lat' dir='ltr'><strong>refugium,</strong></span> <span class='ocrx_word' id='word_1_190' title='bbox 689 4632 691 4634; x_wconf 65' lang='grc'><strong>,</strong></span> <span class='ocrx_word' id='word_1_191' title='bbox 885 4580 951 4628; x_wconf 90' lang='lat' dir='ltr'><strong>non</strong></span> <span class='ocrx_word' id='word_1_192' title='bbox 972 4563 1093 4630; x_wconf 84' lang='lat' dir='ltr'><strong>flexisti</strong></span> <span class='ocrx_word' id='word_1_193' title='bbox 1115 4583 1173 4631; x_wconf 85' lang='lat' dir='ltr'><strong>nor</strong></span> <span class='ocrx_word' id='word_1_194' title='bbox 1195 4567 1289 4652; x_wconf 87' lang='lat' dir='ltr'><strong>pium.</strong></span> 
     </span>
    </p>

    <p class='ocr_par' dir='ltr' id='par_1_19' title="bbox 166 4666 537 4745">
     <span class='ocr_line' id='line_1_29' title="bbox 166 4666 537 4745; baseline -0.003 -13"><span class='ocrx_word' id='word_1_195' title='bbox 166 4666 304 4732; x_wconf 88' lang='lat' dir='ltr'><strong>mulsisti</strong></span> <span class='ocrx_word' id='word_1_196' title='bbox 325 4666 377 4731; x_wconf 84' lang='lat' dir='ltr'><strong>lae</strong></span> <span class='ocrx_word' id='word_1_197' title='bbox 401 4687 421 4731; x_wconf 83' lang='lat' dir='ltr'><strong>a</strong></span> <span class='ocrx_word' id='word_1_198' title='bbox 444 4667 537 4745; x_wconf 81' lang='lat' dir='ltr'><strong>ieris,</strong></span> 
     </span>
    </p>

    <p class='ocr_par' dir='ltr' id='par_1_20' title="bbox 167 4748 1234 4961">
     <span class='ocr_line' id='line_1_30' title="bbox 167 4748 1234 4854; baseline -0.004 -17"><span class='ocrx_word' id='word_1_199' title='bbox 167 4772 273 4837; x_wconf 73' lang='lat' dir='ltr'><strong>missis</strong></span> <span class='ocrx_word' id='word_1_200' title='bbox 295 4788 414 4836; x_wconf 79' lang='lat' dir='ltr'><strong>novum</strong></span> <span class='ocrx_word' id='word_1_201' title='bbox 438 4770 519 4836; x_wconf 77' lang='lat' dir='ltr'><strong>sans</strong></span> <span class='ocrx_word' id='word_1_202' title='bbox 541 4770 637 4854; x_wconf 70' lang='lat' dir='ltr'><strong>feris,</strong></span> <span class='ocrx_word' id='word_1_203' title='bbox 767 4771 787 4832; x_wconf 84' lang='lat'>5</span> <span class='ocrx_word' id='word_1_204' title='bbox 843 4748 1001 4815; x_wconf 70' lang='lat' dir='ltr'><strong>Carceres</strong></span> <span class='ocrx_word' id='word_1_205' title='bbox 1024 4757 1057 4813; x_wconf 75' lang='lat' dir='ltr'><strong>et</strong></span> <span class='ocrx_word' id='word_1_206' title='bbox 1079 4753 1234 4833; x_wconf 69' lang='lat' dir='ltr'><strong>vernem,</strong></span> 
     </span>
     <span class='ocr_line' id='line_1_31' title="bbox 207 4852 1207 4961; baseline -0.002 -22"><span class='ocrx_word' id='word_1_207' title='bbox 207 4872 390 4940; x_wconf 81' lang='lat' dir='ltr'><strong>Alexandri</strong></span> <span class='ocrx_word' id='word_1_208' title='bbox 412 4875 591 4961; x_wconf 86' lang='lat' dir='ltr'><strong>prandium.</strong></span> <span class='ocrx_word' id='word_1_209' title='bbox 840 4854 929 4933; x_wconf 67' lang='lat' dir='ltr'><strong>f¹1⁸82</strong></span> <span class='ocrx_word' id='word_1_210' title='bbox 951 4860 1040 4917; x_wconf 61' lang='grc' dir='ltr'><strong>1θῦῐᾶ</strong></span> <span class='ocrx_word' id='word_1_211' title='bbox 1061 4852 1207 4937; x_wconf 60' lang='lat' dir='ltr'><strong>limfa,</strong></span> 
     </span>
    </p>

    <p class='ocr_par' dir='ltr' id='par_1_21' title="bbox 883 4955 1214 5039">
     <span class='ocr_line' id='line_1_32' title="bbox 883 4955 1214 5039; baseline 0.003 -20"><span class='ocrx_word' id='word_1_212' title='bbox 883 4955 969 5037; x_wconf 84' lang='lat' dir='ltr'><strong>ignis</strong></span> <span class='ocrx_word' id='word_1_213' title='bbox 991 4955 1214 5039; x_wconf 69' lang='lat' dir='ltr'><strong>refrigerium</strong></span> 
     </span>
    </p>

    <p class='ocr_par' dir='ltr' id='par_1_22' title="bbox 163 5057 1217 5149">
     <span class='ocr_line' id='line_1_33' title="bbox 163 5057 1217 5149; baseline -0.005 -20"><span class='ocrx_word' id='word_1_214' title='bbox 163 5061 220 5129; x_wconf 88' lang='lat' dir='ltr'><strong>Ad</strong></span> <span class='ocrx_word' id='word_1_215' title='bbox 242 5072 451 5148; x_wconf 83' lang='lat' dir='ltr'><strong>eonspeetum</strong></span> <span class='ocrx_word' id='word_1_216' title='bbox 473 5063 642 5149; x_wconf 85' lang='lat' dir='ltr'><strong>praesidis,</strong></span> <span class='ocrx_word' id='word_1_217' title='bbox 835 5058 976 5140; x_wconf 72' lang='lat' dir='ltr'><strong>vloquens</strong></span> <span class='ocrx_word' id='word_1_218' title='bbox 999 5057 1117 5140; x_wconf 86' lang='lat' dir='ltr'><strong>leoque</strong></span> <span class='ocrx_word' id='word_1_219' title='bbox 1139 5059 1217 5124; x_wconf 86' lang='lat' dir='ltr'><strong>mite</strong></span> 
     </span>
    </p>

    <p class='ocr_par' dir='ltr' id='par_1_23' title="bbox 164 5160 1232 5354">
     <span class='ocr_line' id='line_1_34' title="bbox 164 5160 1232 5252; baseline -0.003 -21"><span class='ocrx_word' id='word_1_220' title='bbox 164 5166 240 5232; x_wconf 85' lang='lat' dir='ltr'><strong>hine</strong></span> <span class='ocrx_word' id='word_1_221' title='bbox 261 5167 392 5251; x_wconf 90' lang='lat' dir='ltr'><strong>plenum</strong></span> <span class='ocrx_word' id='word_1_222' title='bbox 414 5167 597 5252; x_wconf 83' lang='lat' dir='ltr'><strong>tyrannidis</strong></span> <span class='ocrx_word' id='word_1_223' title='bbox 839 5161 898 5228; x_wconf 91' lang='lat' dir='ltr'><strong>tibi</strong></span> <span class='ocrx_word' id='word_1_224' title='bbox 918 5160 1080 5246; x_wconf 83' lang='lat' dir='ltr'><strong>pandunt,</strong></span> <span class='ocrx_word' id='word_1_225' title='bbox 1099 5171 1132 5227; x_wconf 92' lang='lat' dir='ltr'><strong>te</strong></span> <span class='ocrx_word' id='word_1_226' title='bbox 1153 5164 1232 5228; x_wconf 80' lang='lat' dir='ltr'><strong>vitre</strong></span> 
     </span>
     <span class='ocr_line' id='line_1_35' title="bbox 207 5265 1218 5354; baseline 0.004 -23"><span class='ocrx_word' id='word_1_227' title='bbox 207 5266 322 5334; x_wconf 86' lang='lat' dir='ltr'><strong>duetus</strong></span> <span class='ocrx_word' id='word_1_228' title='bbox 344 5290 381 5336; x_wconf 91' lang='lat' dir='ltr'><strong>es</strong></span> <span class='ocrx_word' id='word_1_229' title='bbox 404 5269 552 5354; x_wconf 87' lang='lat' dir='ltr'><strong>exitium,</strong></span> <span class='ocrx_word' id='word_1_230' title='bbox 884 5283 958 5329; x_wconf 77' lang='lat' dir='ltr'><strong>esse</strong></span> <span class='ocrx_word' id='word_1_231' title='bbox 981 5266 1059 5331; x_wconf 81' lang='lat' dir='ltr'><strong>solis</strong></span> <span class='ocrx_word' id='word_1_232' title='bbox 1082 5265 1218 5333; x_wconf 83' lang='lat' dir='ltr'><strong>radium.</strong></span> 
     </span>
    </p>
   </div>
   <div class='ocr_carea' id='block_1_9' title="bbox 0 0 1630 6517">
    <p class='ocr_par' dir='ltr' id='par_1_24' title="bbox 0 0 1630 6517">
     <span class='ocr_line' id='line_1_36' title="bbox 0 0 1630 6517; baseline 0 1"><span class='ocrx_word' id='word_1_233' title='bbox 0 0 1630 6517; x_wconf 95' lang='lat' dir='ltr'><strong> </strong></span> 
     </span>
    </p>
   </div>
  </div>
 </body>
</html>
