3250 6517
1395 920 1462 986 122

176 1109 251 1174 Salus
273 1108 362 1174 redit
383 1109 426 1172 de
448 1107 581 1190 Judaee,
759 1110 779 1172 5
832 1115 866 1172 et
886 1125 1006 1190 rogare
1028 1110 1112 1172 bene
1135 1106 1235 1173 sudet
1418 1109 1458 1172 15

173 1234 220 1294 qua
239 1214 388 1276 salvatur
406 1210 563 1292 Idumaeu,
877 1220 985 1275 uatem
1008 1220 1042 1275 et
1064 1211 1260 1295 nepotulum.

171 1337 199 1378 ex
218 1313 379 1398 Aegypto
401 1315 466 1379 tert
486 1314 637 1399 trophses

198 1419 300 1483 lsrael
324 1421 356 1482 p„
380 1420 476 1484 exim,
833 1400 906 1465 Nou
930 1410 1057 1466 avertet
1079 1422 1190 1468 aurem
1211 1409 1306 1485 uste,

835 1504 892 1568 sed
916 1515 949 1569 et
969 1505 1080 1570 matris
1104 1505 1144 1571 ud
1167 1513 1303 1590 preoeto

168 1606 364 1672 flolofemem
386 1606 499 1673 Judith
521 1605 651 1688 stravit,
834 1607 932 1673 Jesus
954 1609 1040 1673 dona
1063 1610 1190 1674 confert
1212 1619 1320 1694 grute,

167 1708 250 1775 Anna
273 1709 405 1793 quaudo
428 1709 599 1792 generavit
738 1707 778 1771 1o
876 1717 912 1773 ut
935 1709 976 1773 de
996 1710 1090 1775 uobis
1112 1710 1243 1792 cogites
1416 1710 1460 1778 20

168 1821 277 1891 uatem,
302 1831 377 1893 queo
398 1832 435 1876 se
458 1810 658 1896 praeperavit

198 1913 260 1977 (100
282 1912 510 1978 habitaculum,
832 1893 938 1977 Ergo,
960 1893 1074 1977 Anne,
1098 1913 1183 1960 nuno
1205 1894 1344 1977 secede,

833 2014 916 2078 roga
939 2006 1061 2078 uatem,
1083 2015 1145 2061 neo
1167 1996 1325 2080 abscede,

170 2100 237 2166 ceti
258 2102 379 2166 cohors
399 2097 530 2165 Annum
553 2100 681 2183 laudet,
834 2100 938 2164 donee
961 2118 1064 2184 nepos
1086 2117 1146 2164 nos
1168 2120 1189 2164 a
1210 2099 1290 2164 sede

170 2221 228 2266 uum
248 2203 280 2265 iu
305 2202 396 2267 soelis
418 2198 516 2266 Anna
539 2200 662 2284 gaudet
875 2220 934 2267 sue
956 2212 1069 2268 saneta
1095 2203 1213 2267 visitet.

242 2386 290 2440 Hs.
317 2403 353 2441 su
378 2385 408 2442 S.
425 2385 512 2440 Peter
538 2384 567 2439 iu
585 2383 727 2456 Sslsburg
749 2383 784 2452 V,
803 2384 846 2438 16.
870 2400 897 2454 p.
923 2386 983 2439 161.
1013 2386 1063 2443 des
1090 2392 1125 2443 14
1150 2388 1250 2446 Jahrb.
1278 2389 1343 2458 (A).
1378 2387 1456 2442 miss.

172 2469 275 2543 legunt.
293 2489 350 2530 vou
370 2473 448 2528 1482.
470 2469 490 2527 f.
508 2474 563 2526 244
581 2472 653 2540 (Β),
670 2487 754 2528 wosu
773 2471 887 2526 (tam
905 2472 1045 2529 bomerkt:
1070 2476 1186 2530 eandem
1204 2492 1239 2531 ex
1257 2492 1307 2530 sex
1324 2472 1453 2529 Hortulis

173 2559 250 2614 ssime
268 2561 398 2631 diversis,
416 2560 453 2616 eb
471 2575 546 2615 suuo
566 2561 634 2613 1502
653 2558 731 2613 varis
748 2557 895 2629 impressis
913 2559 998 2615 hebet
1015 2560 1113 2616 Pelius
1132 2561 1160 2616 iu
1178 2578 1200 2616 s.
1219 2563 1299 2618 Anus
1319 2558 1339 2615 f.
1358 2561 1419 2616 318.

242 2697 307 2756 111
325 2701 358 2756 Β.
396 2701 430 2753 19
448 2695 561 2770 profert
578 2699 610 2754 B.
645 2699 681 2753 22
700 2713 753 2754 ors
769 2700 803 2766 Α,
822 2698 922 2754 recede
940 2700 971 2754 B.

540 3050 628 3124 806.
670 3049 728 3121 De
754 3047 885 3122 eudem.
917 3049 1076 3150 hymnus.

175 3275 293 3362 0quam
317 3280 486 3364 praeclare
507 3279 561 3345 dei
583 3279 771 3363 margarite,
832 3280 965 3345 eudiuut
987 3281 1094 3363 surdi,
1117 3283 1286 3365 eriguntur
1307 3287 1412 3368 curvi,

174 3390 197 3444 st
213 3387 353 3467 pretiosa
375 3391 411 3448 tu
429 3383 559 3448 vooeris
576 3401 713 3465 geususu²
874 3384 952 3447 muti
975 3383 1156 3465 loquuntur.

172 3491 345 3571 tsuamque
364 3487 482 3570 plebes
499 3486 665 3568 utriusque
681 3502 778 3549 sexus

201 3591 291 3655 laudo
314 3593 510 3674 frequentat,
831 3570 893 3634 Hie
917 3571 1003 3653 quod
1026 3572 1136 3636 intuo
1159 3573 1240 3637 deus
1263 3590 1322 3637 uos
1345 3591 1457 3639 amore

832 3673 948 3738 liberet
970 3676 1093 3740 eunetis
1114 3677 1187 3758 pius
1209 3677 1241 3739 iu
1263 3675 1412 3741 adversis

168 3772 206 3840 Eu
219 3779 303 3862 quod
319 3779 601 3864 supernuresides
615 3778 648 3844 iu
662 3780 778 3845 solut
832 3784 929 3860 etque
966 3778 1105 3843 futurem
1140 3780 1234 3846 uobis
1270 3781 1370 3846 donet
1405 3783 1457 3846 vi·

169 3886 193 3942 et
217 3882 303 3964 quod
334 3885 369 3948 iu
397 3884 482 3948 eoelo
507 3891 625 3975 potens
649 3901 684 3947 es
707 3901 779 3948 eum
1205 3891 1287 3964 tem,
1415 3885 1456 3947 15

518 3983 666 4067 Christo,
760 4036 761 4040 ,
875 3984 1021 4067 postules
1045 3993 1165 4050 saneto

168 4080 293 4153 iudiesut
316 4087 411 4171 sigua
434 4089 558 4154 eunetis
580 4090 757 4156 recolenda

200 4198 232 4254 et
247 4189 466 4257 memoranda,
703 4198 711 4211 ·
832 4169 883 4236 Sit
924 4170 987 4237 deo
1027 4181 1139 4239 nostro
1175 4175 1248 4240 laus
1280 4182 1315 4239 et
1350 4175 1458 4241 honor

1195 4297 1263 4342 sem
1290 4298 1327 4342 er

173 4371 326 4446 Daemones
348 4381 414 4446 tuis
435 4383 558 4447 meritis
580 4383 742 4466 fugentur,
831 4379 937 4461 gloria
961 4386 1037 4444 ueto
1061 4387 1095 4444 et
1116 4380 1243 4464 spiritui
1265 4299 1399 4466 Boeoto,
1470 4431 1472 4435 -

176 4479 262 4550 tlsudi
283 4494 459 4571 curantur,
496 4489 577 4553 eaeei
598 4488 778 4553 illumiuau·
832 4498 966 4563 quorum
989 4481 1144 4566 majestas
1166 4491 1200 4548 et
1221 4504 1287 4549 unu
1307 4493 1456 4569 potestas

521 4597 590 4673 tur,
738 4591 778 4652 10
874 4585 980 4648 estin
1002 4593 1167 4651 aeteruum.
1411 4588 1454 4652 20

180 4744 291 4909 suu*
311 4791 346 4828 zu
364 4773 460 4842 orae,
477 4773 558 4844 soloe
577 4772 626 4827 ue·
645 4775 680 4828 st
696 4773 793 4829 sors
831 4773 887 4826 uas
906 4770 974 4826 Lied
995 4771 1166 4828 oeooacutot
1183 4772 1257 4829 nonu
1274 4772 1320 4828 eu
1336 4773 1457 4830 ousion.

235 4875 256 4913 o.
274 4862 334 4915 194.

129 5022 131 5047 ι
244 5001 306 5055 tet
324 4996 398 5056 fehlt
415 5000 467 5055 des·
485 4999 542 5069 Hs„
560 4997 644 5056 estur
662 5001 738 5057 steht
753 5006 793 5057 tu.
828 5000 1021 5072 3plebs,1{s.
1061 5003 1095 5056 15
1112 4999 1204 5070 vobis,
1221 4999 1269 5056 Hs
