3250 6517
530 1385 639 1460 1201.
673 1384 732 1456 D'e
758 1409 786 1456 s.
810 1382 998 1457 Vincentio
1025 1392 1187 1482 martyre.
1238 1340 1242 1349 Ι

217 1624 431 1709 Triumphalis
454 1623 510 1688 lux
533 1622 651 1703 illuxit,

214 1727 271 1791 lux
293 1725 467 1809 praeclara,
491 1743 564 1807 qnae
586 1722 715 1789 reduxit

258 1828 367 1926 leuitae
391 1829 593 1911 solemnium,

214 1982 325 2030 omues
348 1982 429 2048 ergo
447 1964 662 2050 Joouudemnr

215 2074 249 2130 et
271 2066 452 2130 vincentem
474 2084 667 2132 veneremur
815 2066 834 2127 5

257 2168 291 2232 in
314 2169 443 2235 Christo
465 2169 676 2237 Vinoentium.

135 2388 139 2395 ·
214 2353 276 2432 oui
298 2356 458 2421 vincentis
479 2357 603 2422 habeus
622 2375 740 2422 nomen

215 2475 316 2521 exre
338 2460 470 2542 probat,
493 2457 624 2542 dignrm
646 2476 740 2525 omen

258 2560 307 2625 sui
329 2560 401 2624 lore
424 2561 576 2644 nominis,

214 2697 348 2764 vineens
371 2699 473 2783 terra,
496 2700 629 2767 vinoens
646 2703 729 2767 mari
796 2703 836 2766 1o

214 2801 370 2884 quidquid
393 2811 503 2887 potest
524 2805 665 2888 irrogari

257 2923 365 2987 poeuae
386 2906 442 2971 vel
464 2906 650 2973 formidinis.

213 3091 276 3160 llio
297 3093 431 3177 effulget
453 3095 496 3160 ad
517 3096 567 3161 bis
591 3098 682 3163 tineti

214 3196 304 3262 ooooi
326 3196 428 3261 instar
450 3206 484 3263 et
501 3199 653 3284 jaoinoti,

214 3298 306 3382 cujus
330 3298 429 3365 lumbi
451 3310 525 3366 snut
546 3304 714 3386 praecineti
796 3307 837 3369 15

257 3400 378 3484 duplici
401 3404 572 3488 munditia3

213 3536 268 3604 hio
287 3545 443 3605 retortam
466 3544 598 3626 byssum
621 3564 740 3628 gerens

212 3659 431 3726 purpuraeqne
454 3645 594 3729 palmam
616 3666 767 3732 quarens

213 3751 278 3809 stat
299 3745 455 3830 invictus,
479 3747 560 3815 dura
582 3751 693 3819 ferens

255 3864 317 3931 pro
341 3847 472 3915 Christo
494 3853 661 3937 snpplioia.
794 3856 836 3920 20

212 4038 274 4107 llio
294 4040 401 4107 hostia
422 4042 615 4129 medullata,

211 4162 338 4210 vervex
361 4147 448 4229 pelle
471 4149 636 4217 rubricata

254 4255 371 4331 tegens
393 4253 645 4319 tabernaeulum.

210 4381 266 4466 pio
288 4384 369 4448 serit
390 4384 423 4449 iu
445 4405 585 4452 moerore

210 4491 245 4551 et
266 4485 398 4551 vitalem
419 4489 453 4554 iu
475 4488 595 4556 sudore
794 4493 837 4556 25

254 4597 402 4670 reportat
423 4595 627 4677 manipulum.

208 4774 266 4842 Ad
288 4785 424 4845 eruenta
446 4779 580 4847 Daeiaui

208 4879 264 4946 dei
286 4901 403 4949 servus
425 4883 590 4951 inhumani

252 4984 379 5070 rapitur
399 4989 570 5074 praetoria,

206 5138 340 5213 praeses⁴
355 5130 477 5191 tentum
496 5147 597 5212 preue
620 5134 740 5213 tentat,
791 5130 834 5195 30

208 5240 295 5289 nuno
314 5232 475 5311 exterret,
504 5250 589 5302 nuno
609 5237 789 5318 praesentat

251 5323 389 5390 numam
410 5325 552 5414 fastigia.

134 5656 261 5690 A

887 1619 983 1686 Miles
1006 1633 1165 1702 spernens
1186 1614 1299 1681 muudi
1321 1613 1450 1695 florem,
1546 1600 1548 1633 ⁴

888 1722 987 1804 dona,
1009 1738 1126 1806 preoes
1149 1727 1183 1784 et
1204 1728 1368 1784 terrorem

931 1825 1027 1891 elatae
1049 1822 1245 1909 tyrannidis,
1467 1822 1501 1885 tt

888 1960 1000 2027 eouleo
1023 1959 1233 2042 admovetur,

889 2083 983 2146 quem
1002 2063 1077 2128 dnm
1091 2069 1231 2145 torquet,
1253 2063 1330 2146 plus
1344 2068 1503 2148 torquetur

932 2175 1063 2251 spretus
1085 2174 1192 2230 tumor
1213 2164 1378 2248 praesidis.

888 2355 1034 2422 Flamma
1055 2355 1185 2438 vigens,
1208 2353 1330 2420 ardens
1352 2355 1465 2440 leatus,

888 2460 984 2525 liotor
1006 2459 1152 2539 caedens,
1177 2457 1226 2522 sal
1248 2457 1392 2544 injectus
1472 2457 1507 2522 tt

931 2566 1107 2632 inundata
1131 2565 1259 2631 viscera

889 2703 981 2769 simul
1005 2710 1146 2785 torrent,
1169 2701 1265 2767 simul
1290 2710 1429 2786 angunt,

889 2826 951 2872 neo
973 2806 1127 2872 athletam
1149 2807 1260 2872 laetnm
1281 2805 1440 2891 frangunt

933 2917 980 2975 tot
1002 2930 1170 2994 poenarum
1193 2929 1329 2993 genera

888 3112 996 3179 Autro
1020 3115 1161 3180 clausum
1181 3121 1267 3180 testa
1289 3115 1422 3198 pungit,
1472 3114 1511 3177 4⁵

888 3221 1023 3283 menbra
1044 3217 1162 3283 scindit
1183 3224 1216 3281 et
1238 3214 1415 3300 disjungit,

889 3318 948 3385 sed
971 3319 1134 3385 oonlortat
1155 3325 1188 3382 et
1209 3320 1367 3402 perungit

932 3422 1074 3489 eoelestis
1093 3420 1297 3506 jocunditas3

888 3561 955 3627 illio
977 3578 1058 3625 onus
1080 3559 1113 3623 in
1135 3558 1308 3642 honorem,

891 3682 999 3730 oaeens
1022 3682 1136 3730 oareer
1157 3663 1190 3727 in
1212 3661 1444 3747 splendorem,
1474 3662 1511 3728 50

890 3765 1004 3831 llorum
1026 3763 1141 3829 transit
1163 3763 1195 3827 iu
1218 3762 1390 3830 duloorem

932 3874 1087 3931 testarum
1110 3864 1281 3948 asperitas.

889 4071 1076 4138 Gallooatur
1098 4072 1187 4137 molli
1208 4072 1322 4155 moro,

888 4192 1013 4239 sursum
1038 4174 1141 4258 spirat
1164 4181 1197 4238 et
1218 4190 1344 4239 oanoro

889 4278 1079 4361 augelorum
1101 4277 1203 4342 fretus
1227 4278 1331 4343 nhoro
1473 4277 1509 4341 5⁵

933 4378 1017 4443 eoelo
1039 4377 1147 4443 reddit
1168 4378 1327 4462 spiritum.

888 4515 967 4579 faris
990 4514 1067 4579 dato
1090 4521 1200 4580 eustos
1222 4512 1337 4597 datur,

888 4618 969 4682 mari
990 4633 1117 4682 mersus
1140 4634 1204 4681 non
1228 4616 1373 4701 uelatur,

889 4718 949 4786 sed
971 4718 1057 4785 huno
1078 4719 1177 4803 digne
1199 4728 1378 4787 veneratur

931 4821 1068 4895 muudus
1090 4823 1152 4887 sibi
1174 4820 1347 4889 redditum.
1470 4820 1505 4886 tt

888 5025 1086 5096 Clamarunt
1107 5031 1152 5095 ita
1174 5030 1283 5114 dignis

888 5130 1049 5196 elementa
1070 5138 1188 5197 ouunta
1210 5132 1332 5216 siguis,

888 5252 992 5316 aqna,
1015 5234 1128 5316 tellus,
1151 5238 1226 5317 aer,
1250 5235 1337 5319 iguis

931 5338 965 5403 in
987 5337 1059 5423 ejus
1081 5339 1228 5406 viatoria.
