3250 6517
1354 927 1415 995 181

151 1109 300 1175 'iideiiaii
321 1109 430 1193 gloria
792 1129 854 1196 pro
877 1112 1011 1196 virginis
1029 1113 1176 1196 victoria,

151 1235 179 1279 er
197 1213 319 1279 infinita
341 1213 464 1281 secula
793 1235 858 1299 qua
880 1215 1002 1298 gaudet
1024 1217 1097 1283 eoeli
1121 1217 1219 1282 curia.
1374 1219 1415 1283 20

202 1398 249 1453 iis
266 1413 324 1453 von
341 1396 373 1453 S.
391 1397 477 1453 Peter
495 1396 548 1454 Ne.
566 1399 600 1453 1⁶
617 1415 652 1455 nu
670 1398 841 1469 Karisruiss,
860 1340 893 1451 id
911 1399 1010 1473 iahrh.
1029 1400 1081 1455 mit
1098 1399 1149 1454 der
1167 1398 1293 1456 dieludie.

201 1483 252 1539 liis
269 1483 304 1537 V.
323 1484 442 1538 13-16
466 1484 559 1555 gelren
583 1482 638 1540 aui
650 1485 753 1553 diuma,
786 1485 838 1540 das
855 1485 924 1541 Lied
943 1487 993 1541 hat
1011 1485 1074 1541 nise
1094 1485 1139 1541 ein
1157 1485 1341 1543 Thentueiusn
1358 1485 1415 1541 und

151 1589 182 1627 ue
197 1569 359 1642 noxnrngis
375 1569 433 1624 wis
451 1570 496 1625 dis
515 1571 710 1644 griechischen
728 1571 894 1642 Trnparisu.

486 1874 572 1947 777.
613 1873 671 1944 De
698 1899 727 1946 s.
751 1875 905 1973 Agneie.
941 1875 1064 1945 oratio.

151 2093 227 2159 nudo
250 2112 372 2178 sponsa
395 2091 531 2176 Christi,
553 2090 666 2177 Agna,
792 2092 918 2176 Gaude,
942 2097 1028 2177 quod
1052 2095 1209 2160 flammam
1233 2102 1402 2162 nocentem

151 2217 188 2262 ua
208 2197 318 2263 mundi
338 2198 483 2262 transisti
505 2205 621 2280 stagna
790 2197 910 2277 vicisti,
933 2205 966 2262 ta
989 2216 1052 2264 uon
1075 2206 1221 2264 urentem

164 2297 242 2364 dulei
264 2318 337 2364 euru
360 2299 560 2379 constantim
834 2299 1008 2364 salvatoris
1031 2300 1154 2383 gratid3
1375 2303 1415 2365 15

151 2486 242 2569 aude,
265 2486 351 2570 quod
376 2505 448 2552 eum
470 2484 663 2567 uudaharis,
792 2480 905 2547 Gaude
928 2484 1016 2566 quod
1038 2493 1296 2569 transgutturata

151 2590 201 2653 riue
223 2590 328 2674 magis
349 2591 515 2672 tegebaris
666 2650 669 2655 ,
717 2591 736 2652 5
790 2593 824 2648 et
846 2604 962 2651 eruore
984 2588 1131 2653 laureata

164 2713 252 2775 quam
274 2693 410 2759 amietds
432 2694 547 2775 gioria
724 2762 727 2766 ⁴
833 2690 988 2753 merearis
1011 2692 1163 2756 eoeiestia.

153 2882 243 2966 aude,
266 2883 355 2967 quod
375 2884 409 2947 in
431 2882 582 2966 lupanari
791 2874 923 2957 Gauda,
946 2875 1032 2958 quod
1055 2875 1223 2959 perdendo
1245 2886 1380 2945 mertem

151 3003 231 3050 enon
254 2985 401 3069 permisit
423 2983 541 3048 ioedari
790 2979 942 3044 invenisti
963 2981 1040 3045 vitae
1063 2989 1183 3046 sortem
1373 2983 1415 3047 20

164 3088 266 3170 angeli
288 3086 453 3168 eustodia3
834 3082 866 3145 in
890 3083 964 3147 eoeii
987 3083 1178 3148 hierarchia.

151 3273 246 3360 dude,
268 3297 331 3362 per
352 3284 386 3340 te
409 3276 582 3340 suscitatur
700 3277 738 3339 10
792 3272 906 3340 Gaude
929 3275 1060 3341 Christo
1082 3279 1220 3360 sociata,

151 3397 190 3442 ns
210 3396 366 3464 sponsus,
389 3379 443 3460 qui
466 3386 601 3442 ueeatur
792 3377 871 3460 due,
894 3388 1005 3443 nostra
1028 3380 1140 3446 delens
1163 3391 1315 3465 peccata,

164 3489 280 3546 munte
302 3479 454 3564 nequitia.
836 3498 895 3544 uos
918 3481 960 3545 ad
982 3483 1055 3546 eoeli
1077 3484 1208 3567 gaudia.

199 3664 247 3720 iis
264 3681 300 3719 nu
317 3664 348 3720 S.
365 3664 451 3719 Peter
470 3664 497 3718 in
516 3663 661 3736 salzburg
679 3664 711 3732 ΙΙ,
724 3665 767 3718 40.
787 3664 837 3719 des
852 3666 885 3718 1⁵
899 3665 998 3723 Jahrb.
1017 3668 1081 3737 (Α).
1117 3667 1163 3722 lis
1181 3683 1238 3723 von
1255 3667 1416 3738 Tegsrnses

151 3749 175 3806 s.
191 3721 259 3807 mis
275 3768 312 3806 ιιι
327 3751 473 3819 mesenen,
493 3753 526 3805 15
544 3751 643 3807 amru.
662 3752 726 3822 (u).

202 3875 345 3931 damires
362 3876 396 3930 A„
432 3877 464 3928 11
484 3879 605 3946 negatur
621 3876 655 3930 A.
693 3877 726 3929 13
744 3880 869 3931 urentem
888 3877 945 3930 AB.
983 3879 1016 3929 110
1035 3883 1180 3931 nonensem
1198 3878 1255 3932 ΑΒ.
1287 3877 1366 3932 Neeh
1382 3880 1415 3933 18

151 3961 297 4031 'nescim
316 3959 394 4017 ieliei
412 3962 540 4018 victoria.
575 3959 783 4017 adsumens.
818 3965 851 4017 21
872 3963 981 4017 celesti
998 3965 1032 4030 Α,
1051 3965 1073 4018 Β
1093 3964 1143 4018 irat
1155 3961 1201 4019 rur
1216 3963 1310 4019 diesen
1324 3965 1412 4021 Vsrs:

151 4044 340 4108 dieivieterin.
374 4051 410 4104 2³
428 4048 481 4104 due
498 4047 572 4105 fehlt
589 4051 622 4105 Α
656 4051 692 4102 24
710 4049 763 4103 due
780 4065 833 4104 uns
851 4051 884 4105 Α

204 4189 255 4245 liin
274 4188 395 4245 anderes
413 4189 481 4244 Lied
505 4187 559 4245 aui
577 4189 654 4244 diesa
672 4188 783 4261 ileilige
807 4189 884 4243 steht
907 4189 936 4243 in
960 4188 1038 4243 siner
1057 4190 1105 4245 iis.
1124 4206 1158 4244 zu
1177 4187 1414 4246 Pommersieiden

151 4277 331 4333 ainishun
349 4276 400 4333 mit
418 4276 521 4331 diesem
539 4274 666 4350 Auiang:

253 4381 415 4437 Auimemur
432 4381 460 4435 in
478 4395 598 4452 agonem
923 4379 1059 4451 gloriosa
1079 4380 1205 4452 virginis.

253 4468 414 4524 recolentes
434 4467 592 4539 passionem

555 4767 641 4841 778.
676 4762 740 4838 Ad
766 4792 794 4840 s.
820 4763 964 4839 nidum.

151 4976 240 5072 inex,
260 5008 280 5056 o
304 4996 414 5056 rector
437 4991 605 5073 regminis,
737 4983 804 5051 Aid
817 4983 1391 5072 o’sanciusmecipricd³benibula⁵

151 5090 261 5156 *uultur
282 5093 357 5159 eoeli
380 5093 546 5175 carminis,
738 5106 839 5171 poseo
863 5086 971 5172 pur0⁴
994 5092 1188 5174 precamina,

151 5200 347 5273 *perseeutor
369 5189 577 5276 murmuris¹,
739 5202 775 5257 ut
797 5189 996 5273 refrigerat⁶
1019 5193 1147 5257 flumina

151 5290 238 5360 *deus
258 5298 316 5363 ani
338 5297 493 5381 agminis!
685 5336 690 5345 -
737 5297 799 5361 mei
822 5295 937 5380 eapitis
962 5293 1086 5378 calida,
