3250 6517
449 1288 558 1362 1166.
593 1284 654 1359 ho
680 1311 708 1358 s.
735 1285 961 1362 Theodolum
985 1288 1200 1387 episcopum.

170 1482 300 1559 choram
323 1489 465 1573 eoelestis
485 1490 587 1570 enaim
845 1495 945 1563 Luxit
966 1501 1057 1559 terra
1077 1490 1282 1558 Vallensium
1365 1561 1370 1569 ,

172 1593 359 1679 congaudet
381 1596 475 1660 nobis
496 1594 596 1661 hodie
847 1617 908 1682 por
929 1597 1007 1681 gelu
1028 1614 1166 1680 namquo
1188 1593 1320 1661 nimium
1354 1665 1357 1671 ,

172 1699 352 1766 solentibus
375 1698 520 1765 celebria
847 1705 1002 1766 aruerant
1022 1697 1217 1764 vindemias·
1418 1693 1447 1754 1⁵

170 1803 275 1888 patris
298 1803 399 1868 nostri
421 1803 587 1885 solennia,
848 1800 1056 1868 sedunenses
1078 1810 1113 1866 st
1133 1801 1224 1884 alia,

173 1988 276 2075 cujus
296 1989 331 2054 in
352 1988 499 2054 natalitio
775 1986 795 2052 5
848 1986 955 2072 Vasa,
976 1989 1128 2072 lagenas,
1151 1986 1241 2054 dolia

171 2093 289 2159 nantis
310 2090 546 2158 affeetuuimio
848 2093 894 2157 nil
915 2092 1050 2174 liquoris
1070 2090 1226 2156 habentia

172 2195 339 2260 solventes
362 2193 470 2259 laudis
493 2192 634 2261 debitum
848 2194 937 2260 fanto
960 2193 1068 2261 orueis
1091 2193 1263 2277 signaculo

172 2295 357 2360 attollamus
379 2285 413 2360 et
433 2293 589 2385 meritum
848 2296 916 2360 vini
938 2296 1081 2379 replevit
1102 2296 1231 2380 poculo.
1418 2292 1449 2355 ²⁰

171 2479 263 2549 Fusa
284 2500 384 2567 prete
408 2480 567 2547 Theodoli
849 2480 920 2546 lieo
941 2482 1026 2566 patri
1049 2481 1092 2546 sit
1113 2481 1219 2564 gloria

171 2584 314 2652 nudatur
336 2587 433 2671 eulpa
455 2584 582 2664 Caroli,
755 2587 796 2649 10
850 2584 986 2668 ejusque
1008 2583 1070 2648 soli
1091 2581 1174 2666 filio,
1495 2624 1496 2661 i

173 2689 390 2756 Thebaeorum
412 2689 576 2756 oadavara
850 2705 923 2753 oum
945 2687 1060 2771 spiritu
1082 2688 1253 2773 paracleto
1495 2670 1496 2741 Ῐ

172 2792 355 2859 oondnntnr
378 2792 449 2878 ejus
472 2789 584 2876 opert.
850 2790 884 2853 in
907 2790 1103 2876 sempiterna
1125 2792 1257 2857 saeoula.
1288 2812 1388 2858 amen

264 2969 323 3025 Ans
349 2970 429 3026 sinor
453 2971 502 3026 lls.
527 2970 579 3027 (lar
597 2970 702 3027 Kirshe
723 2987 759 3027 zu
782 2970 919 3028 Saohslsn
943 2971 974 3027 in
990 2970 1194 3030 Unterwaltlan
1217 2979 1377 3034 unnim.
1396 2972 1454 3033 nath

172 3057 207 3117 ll.
223 3059 336 3116 llurers
353 3057 502 3115 Absohrist
517 3076 553 3114 nu
568 3057 691 3132 lttingen
709 3060 766 3128 (Α)
776 3058 857 3128 ‚und
874 3058 903 3113 in
921 3059 976 3114 «len
993 3060 1066 3116 nota
1083 3059 1136 3117 86
1154 3062 1274 3135 August
1292 3067 1360 3120 tons
1375 3065 1399 3132 t,
1412 3061 1454 3116 nl
1495 3132 1496 3141 ἵ

172 3161 227 3203 ans
245 3147 307 3203 dem
322 3146 443 3203 Brevier
459 3160 518 3203 von
536 3146 628 3204 Sitten
646 3147 675 3202 in
694 3146 801 3202 wallis
829 3147 892 3218 (Β).
927 3147 978 3204 nie
994 3147 1080 3203 lorn
1103 3147 1155 3204 des
1171 3149 1297 3206 Nemone
1313 3147 1456 3207 heo&
1495 3162 1496 3173 ¹

170 3234 249 3299 steht
270 3234 300 3288 in
326 3233 378 3288 ‹ler
400 3231 480 3290 hlitte
504 3234 644 3290 nwhohan
667 3232 829 3289 'l'hsodnlus
852 3232 909 3290 und
931 3233 1112 3305 Theodorus,
1137 3235 1184 3293 tia
1207 3236 1292 3295 tom·
1315 3237 1386 3295 mh
1402 3248 1456 3292 ror·

169 3319 308 3377 kommsn.

260 3459 278 3514 8
296 3456 441 3513 emeritum
459 3456 491 3511 B.
527 3457 562 3519 ,18
579 3456 649 3512 nihil
667 3457 698 3514 B.
732 3458 768 3512 at
785 3463 816 3514 st
831 3474 904 3515 nuno
921 3462 951 3515 et
967 3460 995 3513 in
1014 3465 1180 3532 perpetuum
1197 3461 1231 3517 B.

502 3737 612 3814 1167.
644 3734 710 3813 Ad
731 3764 760 3813 s.
783 3739 1008 3816 Theodolum
1034 3746 1140 3845 spise.

172 3942 342 4014 celsitudo
364 3945 544 4013 sublimium
848 3944 994 4013 Virtutes
1015 3955 1049 4013 at
1070 3947 1225 4033 prodigia

171 4034 338 4147 ¹Sedunum
359 4049 445 4115 misit
465 4045 601 4134 Alpium
848 4066 909 4131 per
930 4033 1031 4132 ipsius
1053 4048 1211 4132 sutfragia

170 4150 373 4243 ¹Theodolnm
393 4154 567 4220 antistitem
847 4152 1038 4238 plerumque
1059 4161 1180 4220 norunt
1199 4152 1275 4222 fiori
1421 4151 1452 4216 lt

169 4253 276 4320 virum
297 4274 369 4341 prae
392 4255 516 4323 eunetis
538 4254 684 4336 divitem,
847 4253 1020 4321 Vallenses
1042 4264 1139 4340 atqua
1161 4259 1275 4325 oeteri

171 4439 275 4526 Cujus
298 4451 391 4509 erant
413 4443 536 4509 divitia
775 4443 796 4507 ⁵
848 4441 910 4522 oui
930 4452 1025 4512 natus
1047 4453 1099 4513 est
1118 4447 1151 4512 in
1173 4446 1348 4531 &andium

169 4544 344 4612 thesaurus
366 4545 537 4628 sapientiae
847 4548 1042 4615 sublimitate
1063 4548 1238 4630 montium,

169 4645 327 4731 simpliois
346 4652 381 4710 et
401 4644 574 4729 modestia,
846 4649 892 4716 ad
913 4650 1044 4721 eulmen·
1060 4651 1285 4719 sanofimonin

168 4767 262 4819 mons
282 4747 435 4833 simplex,
458 4748 582 4814 fraudis
603 4751 721 4816 nescia.
815 4776 817 4778 ·
846 4749 945 4828 duotu
965 4753 1115 4837 pervenit
1135 4753 1263 4835 gratim
1419 4748 1455 4815 16

167 4935 231 5015 flio
253 4953 389 5020 gregem
410 4932 473 5002 sibi
495 4931 667 5016 creditum,
801 4999 804 5003 .
845 4937 916 5009 Deo
938 4941 1025 5027 patri
1047 4941 1090 5011 sit
1111 4941 1234 5025 gloria.

167 5039 260 5125 prius
281 5037 374 5103 malis
397 5036 601 5121 implicitum,
752 5041 793 5105 10
845 5041 983 5130 ejusque
1004 5044 1068 5111 soli
1087 5044 1155 5111 filio

168 5162 232 5229 per
253 5139 410 5206 docmina
430 5141 644 5224 frequentiam
845 5163 917 5212 oum
940 5145 1055 5232 spiritu
1075 5145 1247 5230 paraoloto
1329 5214 1331 5219 .

166 5246 212 5315 ad
234 5245 308 5311 omli
330 5243 423 5310 duxit
443 5246 590 5328 patriam.
843 5251 876 5315 in
898 5251 1095 5335 sempiterna
1116 5251 1248 5318 meula
1281 5271 1383 5321 amon
