3250 6517
166 1123 242 1190 Ave
268 1123 390 1190 decoro
412 1122 538 1206 specie,

167 1228 255 1293 salus
278 1229 375 1292 totins
398 1227 530 1308 gretie,

168 1330 210 1394 da
232 1329 321 1408 mihi,
343 1336 447 1393 meter
468 1326 597 1409 gratioe,

167 1433 319 1497 virtutem
339 1430 514 1514 patientiae.
748 1430 791 1495 20

166 1616 243 1684 Ave
265 1618 326 1682 ilos
348 1614 530 1700 pudicitiae,

165 1727 278 1804 optata
302 1718 360 1780 des
384 1718 579 1796 clementiae,

166 1830 199 1884 te
221 1837 333 1902 quaeso
356 1838 460 1902 prona
482 1819 582 1899 facie,

164 1923 215 1987 ter
238 1922 354 1986 donum
375 1921 581 2005 poeuiteutiae.

165 2098 242 2165 Ave
265 2101 364 2165 decus
387 2101 551 2185 puellare,
746 2103 788 2165 25

165 2224 312 2288 praeseus
336 2206 399 2269 hoo
422 2223 593 2288 compesce
617 2223 724 2285 mure,

166 2325 230 2388 quo
253 2328 304 2371 me
328 2306 421 2370 vides
443 2307 617 2387 fluctuare,

166 2411 219 2472 luo
243 2410 284 2472 od
307 2418 434 2492 portum
457 2411 627 2491 remigare.

165 2587 241 2654 Ave
266 2588 317 2651 dei
340 2607 400 2653 vus
423 2589 576 2670 electum,

166 2694 247 2757 ebur
265 2693 398 2774 signans
421 2695 504 2757 bene
529 2703 667 2776 sectum,
748 2697 789 2759 30

165 2797 228 2860 iter
251 2814 355 2858 meum
378 2794 483 2860 lomna
505 2805 647 2879 rectum,

166 2905 202 2962 ut
223 2897 372 2962 incedam
395 2916 456 2981 per
477 2897 644 2964 directum

165 3073 242 3140 Ave
264 3076 356 3158 quies
378 3077 582 3159 punitorum,

166 3177 367 3242 sublevatrix
388 3176 603 3259 perditorum,

167 3280 320 3341 miserere
343 3278 533 3343 delictorum
748 3286 789 3348 35

162 3382 233 3465 jem
254 3399 398 3446 meorum
420 3382 652 3449 defunctorum.

166 3558 242 3625 Ave
265 3561 353 3625 salus
375 3561 567 3628 alssiotorum

168 3672 200 3727 et
221 3682 299 3746 spes
321 3664 414 3728 firmo
437 3667 663 3750 contritorum,

167 3768 229 3831 mei
251 3787 373 3832 memor
396 3778 429 3833 et
450 3790 594 3835 meorum

167 3871 212 3934 sis
235 3873 381 3935 vivorum
405 3875 667 3956 propinquorum.
747 3879 789 3942 ld

165 4049 242 4116 Ave
265 4053 375 4118 lirinus
398 4074 458 4138 pes
481 4057 664 4141 lapsorum,

167 4155 260 4219 solve
282 4177 399 4221 nexum
421 4159 612 4226 delictorum

167 4266 201 4321 et
223 4257 344 4339 largire
368 4261 607 4327 commodorum

167 4362 260 4424 nobis
282 4364 408 4445 copiam
431 4375 626 4431 cunctorum.

166 4538 242 4605 Ave
265 4544 382 4607 victrix
400 4546 579 4629 logicorum
746 4555 788 4618 45

166 4643 362 4726 militumque
386 4646 610 4736 ducentorum,

166 4753 281 4828 perte
305 4745 452 4815 Christus
476 4771 556 4834 quos
579 4756 622 4821 nd
644 4760 778 4825 chorum

166 4851 360 4915 convocavit
382 4854 568 4922 electorum.

166 5028 242 5095 Ave
265 5053 414 5121 propago
436 5042 566 5124 nobilis,

843 1122 897 1186 inc
919 1121 1021 1185 hostis
1043 1128 1079 1186 ut
1100 1122 1257 1188 terribilis

845 1220 1003 1285 adversus
1026 1240 1080 1286 me
1101 1219 1291 1287 sit'debilit.

843 1401 920 1468 Ave
943 1403 1056 1468 schola
1078 1402 1271 1488 discipline,

845 1505 948 1571 dulcis
972 1504 1037 1570 dux
1059 1512 1093 1569 et
1114 1506 1171 1570 lux
1194 1506 1334 1588 reginae,

845 1624 916 1670 cum
939 1625 1003 1686 quo
1026 1605 1138 1670 adstas
1160 1605 1231 1670 sine
1253 1605 1319 1670 fine

844 1709 941 1774 faciei
959 1709 1029 1792 jam
1052 1708 1180 1775 divisse.

843 1887 920 1954 Ave
943 1890 1048 1955 torma
1072 1889 1259 1973 virginalis,

841 2002 925 2056 rotae
948 1993 1163 2077 contemptrix
1185 1992 1341 2076 poenalis,

842 2096 896 2160 dei
918 2106 952 2161 ot
974 2097 1094 2161 veleris
1116 2097 1194 2179 slis,

842 2220 904 2266 nec
927 2203 1069 2266 turberis
1091 2201 1165 2266 ullis
1187 2201 1290 2266 malis.

841 2379 918 2446 Ave
940 2380 1119 2446 liutherius
1141 2383 1246 2462 bone,

843 2492 930 2548 tecta
953 2483 1068 2565 gloriae
1092 2480 1235 2563 corono,

842 2584 905 2649 hoo
928 2593 960 2648 te
982 2602 1116 2668 precor,
1140 2583 1262 2647 donum
1284 2583 1383 2666 dona,

841 2689 919 2751 mihi
941 2687 1002 2751 fias
1025 2687 1112 2770 quod
1134 2695 1284 2770 patrono,

842 2866 918 2936 Ave
941 2868 1037 2949 virgo
1059 2866 1154 2930 lsmae
1178 2868 1292 2948 bonae,

844 2975 885 3038 ab
909 2972 1040 3052 antiquo
1062 2992 1113 3035 me
1136 2971 1296 3054 praedone

845 3087 878 3142 et
900 3098 920 3142 u
940 3078 1046 3160 luctus
1068 3077 1206 3158 regione

844 3182 937 3246 selvo
958 3180 1070 3245 mortis
1091 3180 1124 3243 iu
1147 3196 1266 3261 ogone.

842 3361 917 3428 Ave
940 3363 1059 3427 dilecto
1082 3360 1218 3436 dilecta,

844 3467 936 3551 cujus
958 3475 1082 3547 martyr
1104 3482 1140 3526 es
1160 3463 1296 3543 ellectu,

843 3573 978 3637 caritate
1001 3589 1051 3631 me
1074 3567 1223 3651 perlecta

842 3675 945 3756 muni,
968 3672 1033 3736 fide
1055 3689 1180 3754 speque
1202 3677 1303 3734 recte.

841 3850 917 3917 Ave
941 3873 1043 3916 verax
1067 3851 1159 3914 testis
1183 3847 1320 3929 Christi,

842 3973 1019 4039 perquem
1042 3955 1141 4016 vitam
1163 3950 1330 4035 reperisti,
1366 3959 1371 3968 '

842 4056 989 4139 gaudens
1013 4055 1113 4119 coelos
1136 4052 1367 4134 conscendisti,

843 4159 971 4243 quaudo
994 4168 1128 4222 mortem
1151 4157 1329 4242 perdidisti

841 4340 921 4406 Ave
941 4343 1107 4427 speculum
1130 4342 1301 4424 virtutum,

841 4445 874 4507 in
897 4445 1066 4527 procinctu
1090 4444 1298 4506 constitutum

841 4567 892 4610 me
915 4545 1096 4609 indemnem
1118 4545 1236 4626 lacque
1260 4552 1376 4624 tutum,

841 4650 967 4715 hostem
990 4642 1170 4733 reprimens
1192 4660 1366 4715 versutum.
1396 4646 1405 4707 ยน

840 4833 917 4901 Ave
941 4836 1035 4900 dulce
1059 4835 1283 4916 consolamen,

840 4957 941 5023 posce
963 4948 1105 5022 putrem,
1128 4945 1254 5021 ustum,
1277 4937 1400 5018 ilamen,

841 5053 876 5108 ut
897 5044 1036 5108 futurum
1058 5049 1133 5126 post
1156 5062 1294 5107 examen

166 5144 290 5218 martyr
311 5137 553 5229 insuperabilis,

746 5155 786 5216 50
840 5164 901 5211 nos
925 5167 996 5212 cum
1015 5148 1113 5231 justis
1135 5155 1241 5213 vocet.
1276 5164 1376 5210 umen.

250 5312 453 5390 Strussburger
470 5322 518 5379 lls.
534 5324 565 5380 n.
584 5327 643 5382 155.
663 5329 705 5386 ot
723 5334 853 5391 112-15.
871 5335 921 5391 des
941 5336 974 5388 15
992 5331 1090 5390 Jahrlr.
