3250 6517
200 1105 256 1171 lloo
273 1108 394 1189 genitor
416 1116 550 1190 praestet
573 1125 712 1173 summus

201 1211 392 1293 genitorisque
417 1211 503 1276 tilius

1411 925 1473 991 tot

851 1120 981 1177 sanctus
1003 1129 1131 1193 quoquo
1153 1112 1348 1194 paraclitus,

756 1213 797 1276 30
850 1234 932 1279 unus
955 1214 1035 1279 deus
1057 1232 1199 1294 regnans
1223 1214 1330 1277 trinus.

268 1387 310 1440 lls.
331 1405 366 1441 zu
385 1388 415 1443 S.
430 1388 530 1444 Galleu
549 1389 601 1444 No.
621 1390 681 1443 526.
700 1405 726 1459 p.
745 1390 804 1444 toa.
826 1391 859 1444 to
876 1390 974 1448 tahrtn

268 1511 298 1562 to
312 1510 431 1578 sanxita,
451 1510 499 1564 lls.

268 1631 294 1684 ln
310 1631 389 1685 einer
407 1632 454 1685 lls.
479 1632 529 1685 des
555 1633 589 1684 tt
606 1632 703 1686 dahrh.
729 1649 763 1685 zu
781 1629 1019 1687 Pommersselden
1046 1634 1091 1688 bei
1115 1635 1255 1706 Bamherg
1280 1654 1305 1690 ο.
1324 1635 1375 1690 No.
1400 1635 1475 1690 steht

201 1716 254 1769 ancl
269 1718 308 1772 ein
326 1718 395 1772 Lied
413 1714 466 1772 auf
480 1717 575 1772 diesen
593 1718 712 1788 Apostel
731 1720 787 1774 und
804 1717 889 1790 sango
908 1737 941 1775 so
960 1736 1009 1775 an:

313 1821 473 1876 Exultemus
492 1827 521 1876 et
537 1823 667 1876 laetemur

314 1915 343 1964 et
361 1908 483 1964 Andreae
502 1910 671 1964 delectemur

983 1824 1110 1878 laudibus
1129 1826 1262 1895 apostoli.

575 2209 661 2283 694.
695 2209 754 2280 De
779 2233 806 2280 s.
834 2203 983 2280 Andrea
1008 2235 1063 2308 ap.

424 2445 541 2495 versit&

199 2558 324 2630 Dominus
347 2583 408 2628 vas
430 2564 610 2629 sanctitatis

202 2666 224 2729 iu
240 2670 362 2735 odorem
385 2672 554 2735 suavitatis

229 2770 383 2839 Andream
408 2774 635 2855 adamaverat,

228 2895 280 2958 quo
300 2878 384 2942 fides
407 2876 529 2942 Christi
550 2877 693 2943 fulserat.

397 3071 565 3150 sequentia.

198 3193 353 3269 Laudemus
377 3224 490 3286 regem
514 3204 682 3285 ooelorum,
775 3206 794 3267 5

199 3305 235 3380 qui
252 3327 342 3372 sacra
367 3308 485 3371 virtute
503 3325 624 3370 morum

226 3405 381 3473 Andream
407 3408 590 3487 dotaverat,

198 3523 258 3575 ena
279 3513 358 3576 mari
382 3530 446 3593 quo
470 3520 587 3576 vocato

197 3603 284 3678 laites
308 3616 437 3679 dantem
463 3633 584 3679 summo
608 3623 683 3680 nato

225 3711 268 3781 hio
287 3719 416 3801 plebem
439 3718 632 3802 perfecerat.

194 3891 275 3980 Ipsius
293 3910 432 3992 piscatio

223 4011 354 4075 salubris
378 4012 527 4093 dirigitur

192 4104 213 4171 io
230 4114 331 4196 plebis
353 4113 518 4195 praesidio,

221 4237 277 4300 quo
301 4218 450 4283 Christus
474 4217 625 4300 diligitur.

184 4398 264 4468 Fidei
286 4403 424 4469 retioulo

215 4508 266 4572 hio
287 4509 416 4572 turham
438 4504 628 4586 incluserat,

179 4629 243 4692 quae
266 4619 343 4673 tuno
367 4608 426 4671 suh
450 4607 596 4690 periculo

213 4712 342 4797 peceati
364 4717 541 4793 torpuerat.

170 4899 343 4982 Achayam
362 4895 585 4980 Myrmidones

168 5004 345 5082 inhiantes,
369 5009 405 5065 ut
423 5000 595 5084 praedones

212 5103 372 5169 sectando
395 5101 582 5185 perfidiam,

850 2437 1042 2492 oonseorato
1064 2428 1153 2491 sonte
1177 2429 1258 2492 lavit

849 2547 929 2611 quos
953 2540 986 2594 et
1009 2529 1129 2594 Christi
1151 2533 1223 2596 oiho
1245 2533 1335 2615 pavit

892 2633 1009 2714 fugans
1031 2632 1221 2697 idolatriam.

849 2871 928 2936 Post
950 2873 1022 2936 haec
1044 2892 1160 2955 passus
1182 2874 1263 2936 mira
1287 2893 1383 2940 oruoe
1430 2878 1473 2941 25

848 2977 1061 3058 pertransivit
1083 2994 1205 3040 summo
1229 2977 1312 3043 duee

890 3080 987 3163 hujus
1010 3082 1099 3144 saeoli
1121 3082 1238 3146 lolium.

847 3182 922 3247 huio
945 3192 1050 3247 tortor
1073 3205 1186 3267 poenas
1210 3188 1380 3270 impendit,

848 3287 941 3368 cujus
965 3288 1096 3370 spiritus
1119 3290 1308 3355 oonsoendit

891 3387 933 3450 ad
957 3389 1089 3451 ooeleste
1114 3391 1235 3453 solium.
1430 3395 1472 3458 30

847 3624 917 3690 Hoc
940 3625 1078 3708 suffulti,
1103 3646 1195 3708 quem
1218 3628 1400 3712 laudamus,

847 3728 922 3808 tihi,
946 3745 1080 3808 summa,
1104 3737 1180 3792 vota
1203 3728 1316 3794 damus

890 3838 1020 3911 nostra,
1044 3840 1076 3892 to
1099 3833 1247 3895 canentia
1255 3853 1265 3912 3

849 3948 912 4011 quo
935 3940 1094 4014 regnanto
1117 3952 1187 3996 oum
1212 3935 1331 4014 beatis,

849 4033 986 4113 Christe,
1009 4035 1081 4096 fons
1105 4032 1331 4117 benignitatis,
1428 4036 1470 4099 35

892 4137 946 4216 qui
969 4135 1027 4197 das
1049 4137 1126 4199 ritae
1150 4137 1298 4219 praemia,

850 4375 985 4452 Quando
1008 4375 1077 4438 dies
1099 4378 1160 4439 erit
1182 4377 1257 4454 ira,

849 4479 956 4542 vinola
980 4476 1112 4540 demens
1134 4479 1246 4541 mortis
1269 4479 1363 4562 dirae,

848 4584 902 4648 iao
924 4599 984 4645 nos
1007 4580 1048 4644 ad
1072 4582 1196 4644 culmen
1220 4585 1359 4647 transire

892 4685 1078 4768 sempiterni
1101 4684 1242 4764 luminis,
1429 4688 1472 4751 to

849 4805 912 4868 quo
936 4806 1007 4851 oum
1026 4789 1146 4851 sanetis
1166 4789 1317 4853 illustrati

848 4908 980 4954 summae
1004 4890 1115 4954 demus
1138 4892 1301 4974 majestati

753 5004 795 5066 20
848 4995 986 5077 gloriam
1009 4992 1180 5058 coadunati

892 5107 1022 5185 seeptro
1045 5102 1091 5164 tui
1113 5102 1259 5165 numinis.
1291 5119 1392 5163 aman.

257 5281 453 5339 Roioheuauer
470 5285 517 5338 lls.
535 5282 587 5338 No.
605 5285 640 5336 22
658 5299 691 5337 nu
711 5282 877 5353 Karlsrnhe,
896 5282 939 5337 Bl.
960 5285 983 5335 t.
1003 5296 1053 5336 ans
1072 5281 1133 5336 dem
1153 5285 1185 5337 13
1203 5282 1301 5337 Jahrh.
