3250 6517
174 913 241 977 ffl

169 1100 198 1163 0.
230 1098 349 1163 Nervis
370 1107 422 1164 est
444 1117 549 1164 cresus
912 1119 972 1162 rex
994 1100 1187 1167 tirunculum

233 1211 329 1285 atque
352 1203 522 1286 quatriduo
911 1203 1045 1266 assumit
1066 1204 1296 1269 coronandum.

233 1306 303 1369 ⁸5⁰⁰
327 1306 406 1423 ⁰¹:¹¹ss
910 1335 1035 1400 Gaudet
1061 1338 1168 1404 anima

232 1426 357 1474 carceri
380 1416 496 1472 trusus.
909 1441 1036 1523 ⁸⁰90,ss
1053 1440 1186 1525 juncta,

231 1543 337 1629 Caput
360 1545 400 1610 de
423 1546 535 1630 prunis
750 1543 790 1604 15
910 1560 1045 1623 quorum
1068 1544 1197 1610 domino

229 1647 347 1727 uritur,
371 1645 484 1710 calidis
909 1663 996 1709 mors
1020 1655 1110 1711 extat
1131 1647 1286 1731 pretiosa.

232 1755 348 1810 venter
370 1747 477 1829 aquis,

230 1858 356 1933 tergum
379 1851 429 1914 bis
448 1849 568 1930 flagris.
843 1861 873 1921 d.
905 1857 965 1934 oui
987 1877 1047 1923 nos
1070 1877 1129 1925 suo

908 1960 1024 2043 dignos
1046 1964 1180 2028 servitio

907 2072 943 2128 ut
966 2064 1087 2130 alliciat

906 2170 988 2235 deus
1011 2175 1053 2239 ab
1076 2174 1159 2256 alto,

905 2308 1033 2392 Martyr
1056 2318 1168 2376 sancte

904 2411 1049 2495 digneris
1072 2413 1168 2479 hodie

898 2534 959 2599 pro
982 2519 1121 2581 servulis

903 2620 1043 2684 clemens
1067 2639 1182 2706 orare,
1411 2625 1442 2687 10

161 2016 193 2077 d.
223 2012 359 2077 Inverso
383 2012 506 2075 vertice

227 2117 385 2181 distentus
408 2115 580 2195 fumigatur
744 2114 786 2175 20

226 2221 381 2284 stercoris
404 2221 488 2300 igne.

225 2358 343 2423 Bestiis
367 2356 521 2436 traditur,

223 2463 361 2526 maxillis
384 2461 562 2542 frangitur,
586 2457 661 2521 hinc

225 2565 436 2649 decapitatur.

154 2732 186 2795 u.
220 2729 330 2795 'l'antis
353 2730 557 2815 perfunctum
739 2725 781 2786 25

215 2834 323 2919 plagis
348 2852 487 2916 agonum
836 2826 865 2885 7·
895 2819 1032 2887 Athleta
1053 2826 1143 2909 regis
1165 2830 1288 2894 summi.

246 3035 294 3091 lla.
312 3051 346 3087 nu
365 3034 509 3103 stuttgart
533 3031 604 3085 Bibl.
628 3031 681 3084 No.
699 3030 743 3083 2⁰.
761 3027 781 3084 1.
798 3030 842 3083 67.
860 3027 908 3084 mit
926 3028 1062 3098 Naaman,
1091 3035 1125 3086 12
1142 3032 1242 3089 Jahrb.
1270 3037 1327 3093 und
1350 3037 1393 3094 lla
1414 3052 1439 3090 rr

152 3121 289 3177 liduclrea
313 3120 382 3176 clm.
411 3120 497 3172 16110
524 3132 568 3171 am
594 3115 684 3183 dude,
710 3115 761 3170 mit
783 3116 921 3184 Neomen,
949 3119 981 3169 11
1010 3117 1109 3173 lahrh.
1145 3120 1231 3177 Beide
1258 3123 1322 3179 llsa
1348 3122 1439 3197 gleich-

153 3205 275 3265 hutend.

236 3347 252 3400 5
271 3342 318 3401 fur
336 3344 491 3415 quindecim
510 3359 653 3399 annorum.
689 3345 724 3398 35
740 3342 824 3412 [acne
840 3343 878 3399 iat
895 3342 941 3400 fuir
960 3347 1011 3401 das
1029 3346 1177 3404 Veranius
1196 3349 1342 3425 mahtiger.

489 3700 574 3773 769.
606 3699 648 3769 {n
676 3700 854 3770 nativitate
879 3726 907 3770 s.
931 3696 1096 3800 Agatha.
1208 3714 1213 3723 '

141 3937 287 4023 Agatha
309 3957 414 4004 sacrae
436 3938 572 4021 virginis
820 3934 936 4003 Statim
958 3949 1071 4003 assunt
1093 3940 1229 4007 ministri

139 4042 224 4107 diem
247 4043 362 4108 testum
387 4042 536 4125 colimus,
818 4040 901 4124 ejus,
925 4042 980 4123 qui
1001 4041 1125 4107 vellent
1148 4043 1295 4126 pandera

138 4147 171 4210 in
194 4165 259 4229 quo
281 4145 411 4213 devicto
434 4156 573 4230 tyranno
817 4142 1005 4224 religionem
1028 4144 1279 4231 sanctissimam,
1394 4146 1427 4209 15

136 4248 277 4332 palmam
300 4250 394 4313 sumit
417 4250 571 4332 martyrii.
817 4265 910 4328 quam
933 4255 1020 4311 tenet
1042 4249 1083 4312 ab
1103 4248 1246 4313 infantia.

136 4456 325 4535 Quintianus
349 4466 505 4540 tyrannus
741 4464 760 4523 5
813 4455 892 4521 Sisti
910 4459 1006 4540 jubet
1028 4467 1201 4541 martyrem

134 4559 315 4625 consularis
338 4557 459 4625 Sicilia
811 4561 878 4626 suis
901 4562 1131 4644 tribunalibus,

134 4659 268 4725 audiens
293 4660 410 4723 lamam
432 4662 581 4743 virginis,
811 4672 844 4725 et
867 4682 938 4726 eam
960 4664 1006 4726 sic
1028 4664 1219 4747 alloquitur,

132 4761 271 4825 fremere
295 4761 393 4843 coepit
415 4761 559 4842 invidus,
741 4816 743 4820 ,
813 4772 847 4827 ut
869 4762 930 4826 diis
953 4766 1111 4830 cervicem
1133 4764 1288 4831 flecteret.
1388 4766 1426 4831 to

129 4974 289 5039 Vitiorum
312 4971 480 5034 affectibus
676 5035 681 5043 ,
809 4978 877 5043 Sed
900 4980 974 5043 dum
995 4982 1040 5044 nil
1062 4982 1150 5046 valet
1169 4983 1314 5068 insania,

128 5083 267 5143 mentem
287 5075 430 5139 vexabat
450 5074 608 5158 invidam,
715 5082 754 5143 10
807 5082 998 5148 inmamma
1020 5091 1149 5163 torquet
1170 5084 1329 5167 virginera

126 5186 164 5247 ut
186 5178 250 5242 deo
273 5177 412 5243 dicatam
434 5180 594 5263 virginem
808 5193 841 5249 et
863 5193 963 5249 testas
986 5186 1187 5250 acutissimas

113 5272 243 5428 Ἶο
264 5299 322 5347 ore
344 5284 528 5366 perimeret.
806 5289 873 5370 igni
895 5308 1069 5354 succensas
1092 5288 1241 5374 adhibet,
