3250 6517
164 1147 202 1189 an
220 1133 299 1186 ihren
318 1129 436 1187 Scnluss
454 1126 505 1184 διε
522 1125 744 1198 KirclrenJahren
762 1121 816 1179 ans
830 1123 882 1178 den
903 1127 916 1177 1
931 1123 1097 1192 November,
1112 1125 1182 1198 jane
1200 1141 1237 1181 an
1255 1125 1307 1181 hs
1320 1126 1399 1183 nune
1417 1129 1449 1184 ἁ

165 1235 287 1293 grosaen
309 1217 392 1272 Festa
416 1212 470 1271 anf
494 1214 548 1270 dan
575 1217 671 1268 craten
697 1211 828 1282 Sonntag
854 1212 926 1266 nach
948 1208 1105 1282 Pfingsten.
1145 1212 1204 1267 liar
1228 1213 1324 1269 Horas.
1342 1215 1397 1268 ³6³
1422 1212 1449 1268 Ιιι

164 1305 286 1378 grindet
304 1303 356 1357 dns
373 1301 441 1357 θεαί
458 1299 532 1354 aller
549 1297 680 1370 Hailigen
698 1294 746 1351 fir
759 1298 810 1351 das
829 1296 887 1352 alte
905 1297 1066 1353 Testament
1084 1313 1135 1352 anu
1153 1297 1256 1354 Psalnr.
1275 1301 1395 1369 138,11,
1412 1317 1449 1355 ια

163 1390 213 1449 scir
230 1390 283 1446 das
301 1405 372 1444 nene
390 1404 442 1442 ans
460 1386 641 1454 Hebr.t2,1,
660 1383 728 1438 weil
745 1383 790 1438 die
809 1383 946 1440 tiriechen
966 1384 1010 1439 die
1027 1383 1158 1455 Heiligen
1176 1384 1273 1440 beider
1291 1386 1449 1442 Testenent

164 1479 312 1535 varenren
350 1477 434 1533 Scine
453 1478 671 1545 Aensseruugen
694 1473 818 1528 dariber
841 1473 897 1527 nnd
921 1473 990 1528 iubar
1014 1473 1060 1528 dia
1077 1474 1252 1545 Anordnung
1269 1473 1320 1529 der
1336 1475 1449 1548 Heilige

164 1565 265 1622 dienen
283 1579 334 1619 nnr
350 1562 512 1633 Erlrliirnng
529 1559 679 1633 folgender
696 1558 803 1628 Hector,
822 1559 951 1614 weshalb
968 1559 1014 1614 ich
1032 1560 1073 1615 nia
1091 1559 1153 1614 hier
1169 1558 1292 1633 intinge.

254 1665 294 1722 ’Ex
312 1665 360 1740 τῆς
378 1665 558 1727 διδασκαλίας
575 1655 624 1720 οὐν
640 1661 694 1719 τῶν
713 1665 800 1719 θείων
817 1662 934 1740 γραφῶν
956 1668 1002 1718 καὶ
1019 1664 1069 1732 τῖς
1087 1661 1269 1736 ὐποστολικῆς
1286 1662 1449 1742 παραδόσει

167 1751 348 1827 δδηγηθέντες
363 1747 443 1823 ἡμεῖς
461 1753 489 1807 ol
506 1747 624 1825 εὐσεβεῖς
641 1747 762 1822 τεμοῦμεν
779 1747 902 1813 ἅπαντας
920 1749 985 1812 τούς
1002 1752 1100 1820 φίλους
1117 1750 1167 1806 τοῦ
1185 1749 1264 1819 θεοῦ,
1282 1751 1348 1814 τούς
1362 1750 1448 1825 ἇγίου

169 1841 208 1905 ὥς
225 1839 349 1912 φύλακας
368 1836 421 1892 τῶν
438 1835 551 1894 ίντολῶν
568 1845 619 1893 τοῦ
633 1835 719 1903 θεοῦ,
738 1834 776 1899 ως
795 1834 895 1912 αἱρετῆς
912 1837 1027 1912 λαμπρὰ
1045 1838 1270 1912 παραδείγματα,
1299 1833 1337 1901 οἷς
1354 1835 1405 1908 τῆς
1424 1835 1449 1894 nir

167 1931 312 2002 θρωπίνης
326 1923 434 1996 φύσεως
448 1923 598 2000 εὐεργέτας.
634 1926 691 1978 Καί
709 1922 822 1979 ἕκαστον
838 1925 888 1996 μέν
905 1922 959 1979 τῶν
975 1929 1120 1999 γνωρίμων
1138 1923 1224 1996 οἱγίων
1241 1921 1361 1996 τιμῶμεν
1374 1924 1449 1981 ίδικτὶ

92 2044 98 2049 -
168 2017 207 2079 είς
223 2020 290 2088 μίαν
307 2011 366 2067 τινὰ
384 2010 433 2068 τοῦ
452 2009 576 2067 ἐνιαυτοῦ
594 2007 705 2085 ἡμέραν,
723 2007 761 2072 οἷς
780 2015 904 2080 φαίνεται
923 2013 962 2074 είς
980 2010 1010 2066 τὸ
1028 2009 1201 2086 μηνολόγτον·
1221 2011 1313 2081 ἐπειδὴ
1327 2012 1359 2066 δὲ
1372 2015 1449 2068 πολλ

170 2105 238 2160 εἰσιν
258 2100 323 2173 ἡμῖν
342 2097 490 2172 ἄγνωστοι,
517 2103 563 2153 καὶ
580 2093 596 2153 ὁ
614 2094 740 2171 ἀριθμὸς
757 2093 848 2152 αὐτῶν
865 2096 1132 2168 έπολλαττλασιύσθη
1149 2096 1219 2152 κατὰ
1236 2097 1350 2173 καιροὺς
1367 2104 1417 2154 καί
1435 2101 1449 2155 ί

168 2184 433 2249 πολλαπλασιάζεται
458 2188 504 2239 καὶ
528 2181 561 2240 οὐ
579 2182 713 2239 παύσεται
731 2181 940 2257 αληθυνόμενος
957 2183 1007 2246 ε”ως
1024 2182 1073 2254 τῆς
1090 2185 1258 2250 συντελείας,
1289 2183 1337 2238 διὰ
1355 2183 1439 2242 τοῦτο

168 2277 293 2346 ἐκκλησία
311 2277 420 2338 ἔταξεν,
438 2269 515 2338 ἅπαξ
532 2268 581 2326 τοῦ
599 2268 735 2338 ἐνιαυτοῦ,
762 2269 871 2327 πάντων
888 2269 944 2326 τῶν
961 2271 1047 2347 ἁγίων
1066 2270 1157 2343 κοινὴν
1177 2270 1297 2344 μνήμην,
1320 2271 1380 2343 ἥτις
1400 2273 1449 2329 έοτ

167 2362 185 2434 ἦ
204 2362 333 2438 παροῦσα
352 2362 438 2439 inniti.

261 2451 365 2523 Ταύτην
388 2443 437 2506 οὐν
460 2447 641 2513 ἐπιτελοῦντες
664 2448 782 2525 σήμερον
805 2447 924 2522 τιμῶμεν
947 2447 1069 2525 εὐλαβῶς
1092 2455 1137 2505 καί
1159 2454 1344 2526 μακαρίζομεν
1360 2450 1449 2509 πάντα

170 2537 307 2607 δικαίους,
332 2533 698 2613 προφητας,α’ποστόλους,
720 2535 878 2612 μάρτυρας,
902 2537 1085 2611 ὁμολογητὰς,
1109 2541 1256 2611 ποιμένας,
1278 2538 1449 2597 διδασκάλου

172 2619 276 2694 ὐσίους,
297 2622 401 2701 ἄνδρας
419 2629 464 2681 καί
481 2633 611 2700 γυναῖκας
629 2624 708 2696 ὁμοῦ,
725 2626 864 2702 γνωστούς
881 2630 927 2681 καί
942 2624 1106 2701 οῗγνώοτους,
1124 2626 1188 2689 τούς
1201 2629 1413 2701 προστεθέντας
1430 2651 1449 2684 κ

169 2709 236 2773 τοῦς
253 2715 506 2786 προστιθεμένους,
539 2710 601 2768 ὅσοι
628 2708 683 2768 ἀπὸ
708 2709 795 2785 ’Λδὰμ
822 2711 873 2775 ἕως
891 2711 941 2768 τοῦ
959 2712 1006 2769 νῦν
1025 2712 1223 2783 ἐτελειώθησαν
1239 2714 1267 2769 ίν
1285 2711 1412 2788 εὐσεβείᾳ
1430 2737 1448 2770 ιτ

170 2796 218 2852 διὰ
235 2795 289 2855 ττῦν
306 2799 396 2854 καλοῦν
413 2801 500 2875 ἔργων
517 2797 653 2865 ἐδόξασαν
670 2798 717 2854 τὸν
735 2796 812 2854 θεόν.
851 2797 971 2862 Τούτους
993 2798 1164 2862 πάνταςκαὶ
1189 2797 1260 2854 αὐτὰ
1283 2803 1401 2875 προσέτι
1420 2801 1449 2855 τί

168 2879 291 2965 ἀγγέλων
307 2884 343 2958 τίη
359 2883 500 2958 τάγματα,
531 2883 587 2960 πρὸ
614 2881 722 2940 πάντων
747 2885 777 2940 δέ
794 2888 840 2939 καί
862 2885 931 2957 μετὰ
955 2884 1063 2941 πάντων
1087 2888 1135 2956 την
1152 2885 1304 2962 δπεραγίαν
1322 2887 1449 2944 δέσποιν(

168 2974 215 3026 καί
232 2977 327 3047 κυρίαν
344 2970 421 3042 ἡμῶν
441 2970 574 3028 θεοτόκσν
592 2977 706 3046 Μαρίαν
723 2969 975 3047 τῆν’ὐειπολρθενον
995 2972 1115 3046 τιμῶμεν
1138 2971 1258 3048 σήμερον
1281 2972 1329 3027 διὰ
1347 2972 1398 3044 τῆς
1419 2995 1449 3029 πι

169 3055 270 3132 potione
287 3057 391 3134 ἑορτῆς,
407 3061 605 3134 προτιθέμενοι
622 3057 669 3114 τὸν
686 3059 746 3131 βίον
764 3054 854 3113 αὐτῶν
872 3056 969 3134 α’ρετῆς
988 3059 1173 3136 παράδειγμα,
1190 3065 1237 3116 καί
1249 3060 1449 3137 παρακαλοῦντι

172 3140 281 3212 αὐτοῦς,
300 3147 343 3200 ίνα
361 3143 547 3220 πρεσβεύωσιν
564 3144 634 3219 ὑπὲρ
652 3144 730 3216 ἡμων
747 3143 819 3219 πρὸς
836 3143 884 3201 τὸν
901 3144 979 3201 θεόν.

558 3427 644 3500 622.
681 3427 740 3499 De
765 3425 928 3499 omnibns
951 3430 1090 3500 sanctis.

173 3624 249 3692 Ave
272 3646 393 3692 summa
415 3630 556 3712 trinitas,
850 3678 928 3694 ....
952 3632 1006 3713 qui
1027 3629 1171 3694 modicus

131 3729 134 3733 ’
172 3730 274 3795 omnis
297 3750 358 3813 per
379 3738 411 3794 te
435 3735 589 3797 sanctitas
849 3732 968 3796 chorus
990 3740 1024 3794 et
1045 3731 1209 3796 theoricus

213 3831 291 3894 mihi
311 3830 478 3913 largiatur.
891 3835 1172 3916 evangelistarum.

170 3989 247 4056 Ave
270 3991 366 4074 virgo
388 3993 565 4076 virginum,
847 3994 962 4063 Assint
985 4005 1018 4061 et
1040 3996 1205 4079 discipuli,

171 4113 193 4157 a
214 4113 265 4157 me
288 4113 349 4176 per
371 4100 404 4157 te
428 4095 591 4159 criminum
774 4101 792 4160 5
848 4108 1086 4183 contemptores
1109 4099 1221 4163 saeculi
1428 4101 1446 4162 2

214 4196 310 4280 culpa
333 4196 487 4262 deleatur.
891 4217 924 4272 et
946 4228 1053 4274 rernm
1076 4215 1280 4288 cunctarum,

170 4358 282 4424 Virtus
304 4360 380 4423 mihi
402 4360 559 4442 Michael,
847 4371 965 4435 Omnes
988 4390 1048 4457 pro
1073 4392 1124 4435 me
1146 4370 1271 4435 tundite

171 4463 303 4529 Gabriel
326 4473 359 4528 θλ
380 4464 545 4548 ΒὸΡῘΜθῙν
846 4493 963 4557 preces
986 4482 1019 4538 et
1041 4495 1092 4538 me
1110 4475 1240 4558 jungite

213 4584 358 4650 parvos
383 4565 557 4650 dirigatur,
891 4577 983 4642 donis
1008 4580 1192 4660 gratiarum·

169 4732 235 4798 Per
257 4740 454 4815 cunctosque
477 4735 608 4818 spiritns
753 4740 793 4803 10
845 4739 921 4806 Ave
944 4742 1159 4808 innocentium

97 4924 101 4943 Ι
171 4836 265 4900 divos
284 4837 364 4900 urihi
388 4838 513 4903 coelitus
634 4910 635 4914 ,
847 4846 942 4908 turba
964 4845 1164 4908 morientium

214 4939 301 5004 salus
324 4949 489 5022 augeatur.
890 4965 951 5029 pro
976 4945 1105 5010 Christo
1128 4949 1239 5027 beata3

170 5102 246 5170 Ave
270 5104 448 5187 apostolica
845 5105 921 5172 Ave
945 5112 1039 5172 turba
1061 5111 1157 5172 niveo

171 5205 290 5272 cohors
313 5214 348 5269 et
368 5206 560 5290 prophetica
847 5211 988 5276 candore
1012 5220 1045 5275 et
1067 5216 1169 5276 rubeo

205 5316 250 5372 -et
270 5308 540 5390 patriarcharum,
753 5313 793 5376 15
889 5323 1066 5400 martyrum
1088 5326 1217 5399 ornata3
1427 5320 1446 5381 3
