3250 6517
151 1126 230 1190 ellua
252 1128 396 1206 inuata,

151 1227 254 1293 ›ularo
275 1234 469 1312 purpurata,

151 1348 188 1395 se
212 1341 415 1416 comparata,

151 1433 232 1497 mire
252 1440 393 1499 vernant
414 1440 518 1519 prata

151 1638 211 1704 pes
233 1618 434 1703 desiderata,

159 1741 274 1788 omnes
295 1723 470 1806 honorata,

171 1825 229 1891 fiat
256 1833 409 1911 reparata

151 1950 198 1995 aa
220 1929 408 2014 depravata.

154 2107 262 2171 omina
285 2106 424 2189 deeora,

151 2211 217 2274 nihi
237 2209 351 2274 nortis
372 2208 470 2292 hora,

171 2311 215 2378 ad
237 2313 401 2376 exteriora

151 2438 160 2480 ι
184 2415 309 2497 trahat,
332 2414 475 2479 elabora.

150 2601 251 2664 larior
274 2598 406 2680 aurore,

151 2702 273 2766 iantem
296 2720 348 2765 me
370 2701 496 2765 honora

163 2805 276 2887 ducat,
300 2803 462 2869 Christum
485 2822 556 2883 ora,

171 2910 246 2974 loca
264 2909 401 2993 potiora.

154 3090 227 3173 irgo
251 3087 317 3152 fide
340 3088 452 3172 plena,

151 3244 154 3255 .
176 3189 312 3273 Christi,
335 3208 412 3274 apes
435 3210 566 3272 serena,

172 3293 251 3358 lethi
275 3312 413 3375 nequam
436 3294 545 3375 frena,

171 3405 272 3462 vexet
293 3398 390 3462 ultrix
412 3417 518 3480 poena.

153 3581 226 3662 irgo
250 3578 454 3658 verecunda,

151 3686 256 3748 laeena
277 3690 385 3747 mente
407 3681 539 3764 munda,

151 3788 244 3852 solve
264 3786 306 3851 de
329 3786 491 3870 profunda

151 3891 211 3955 loai
230 3889 330 3955 maris
352 3889 447 3954 unda.

151 4074 240 4120 amen
263 4063 299 4120 et
318 4056 452 4120 lucerna

151 4177 188 4223 na
206 4160 271 4237 iter
289 4157 333 4222 ad
354 4176 513 4240 superna,

151 4281 247 4326 neam
269 4261 318 4325 aie
339 4263 504 4344 guberna,

151 4362 295 4428 mendam
316 4363 359 4426 ad
382 4363 516 4427 inferna.
575 4381 580 4388 ·

151 4525 223 4590 eali
245 4525 374 4609 lampas
394 4545 494 4608 pura,

151 4638 243 4693 atem
265 4636 299 4692 te
322 4642 464 4711 procura

163 4730 241 4793 mihi
263 4730 449 4813 profutura,

151 4833 214 4897 ndo
236 4833 393 4899 nooitura

151 5000 259 5077 aartyr
280 5003 394 5060 saneta
417 4994 485 5077 dei,

151 5118 189 5162 re
210 5116 331 5182 precor
353 5101 431 5182 mei,

151 5221 174 5265 a
197 5200 243 5264 aia
268 5219 350 5265 meae
372 5204 458 5286 spei,

151 5304 282 5369 abibunt
303 5314 431 5389 portum
453 5307 511 5372 rei.

616 1129 661 1193 00
712 1127 787 1195 Ave
810 1133 902 1215 quiea
924 1099 1032 1201 coedis
1053 1140 1174 1221 moeati,

712 1234 836 1318 gaude,
859 1239 931 1320 regi
953 1259 1026 1323 quae
1049 1242 1173 1308 caelesti

711 1336 892 1420 adhaesisti,
915 1361 987 1407 eam
1008 1342 1127 1409 funesti
1239 1337 1243 1344 ’

711 1440 801 1521 regia
823 1441 904 1505 aeita
926 1460 992 1507 non
1016 1445 1194 1530 eompleati.

710 1620 787 1684 Ave
810 1619 910 1686 decus
933 1622 1137 1706 firmamenti,
1291 1628 1333 1692 85

711 1726 823 1807 praebe
846 1726 932 1808 piam
954 1733 986 1791 te
1008 1730 1133 1810 petenti

711 1833 745 1892 et
765 1827 897 1892 medere
920 1848 1001 1894 meaa
1022 1834 1122 1896 menti

710 1928 742 1992 in
765 1930 909 2012 peecatia
933 1930 1114 1996 dormienti.-

709 2105 786 2173 Ave
808 2109 902 2172 fortia
924 2111 1090 2192 agonista,

711 2221 765 2275 tua
786 2230 886 2296 prece
910 2211 973 2276 deo
994 2212 1092 2289 insta,
1292 2215 1334 2279 00

709 2322 746 2378 ut
768 2322 932 2380 transacta
953 2315 1021 2379 vita
1042 2317 1104 2379 iata

710 2436 761 2481 me
783 2418 817 2481 in
839 2428 934 2501 parte
957 2419 1043 2483 locet
1065 2418 1136 2483 ista.

709 2594 786 2661 Ave
808 2597 924 2660 nobilis
947 2597 1073 2680 puella,

710 2720 823 2783 regem
846 2701 921 2765 eoeli
943 2700 1130 2784 interpella,

711 2821 770 2867 sua
792 2803 887 2867 sedet
908 2802 995 2886 quod
1017 2802 1149 2884 flagella
1291 2809 1332 2869 05

711 2915 744 2971 et
766 2914 954 2991 compescat
976 2915 1088 2971 nostra
1110 2907 1205 2972 bella.

710 3089 786 3156 Ave
807 3088 903 3170 virgo
924 3087 1038 3170 pulcra
1060 3094 1146 3166 tota,

711 3211 831 3276 expers
854 3192 956 3255 omnia
978 3191 1062 3254 labia
1084 3190 1178 3271 nota,

712 3293 896 3358 famulantia
918 3292 977 3356 tibi
998 3299 1077 3355 vota

711 3415 799 3460 sume
822 3412 922 3477 preee
945 3411 1018 3458 eum
1036 3391 1164 3458 devota.
1271 3395 1333 3459 100

617 3582 658 3643 05
708 3576 785 3643 Ave
808 3579 931 3661 regalis
955 3579 1037 3658 filia,

713 3703 786 3765 quae
809 3683 917 3765 fulges
939 3701 1039 3765 super
1061 3682 1141 3760 lilia,

712 3794 786 3870 post
809 3786 886 3849 vitae
908 3785 971 3849 dua
994 3784 1091 3847 exilia
1135 3825 1138 3834 ·

712 3888 753 3953 ad
778 3889 852 3953 coeli
873 3907 923 3951 me
946 3886 1069 3952 sedilia.

711 4051 787 4118 Ave
810 4063 913 4118 mater
935 4054 1090 4135 egregia,
1313 4056 1332 4116 5

713 4178 785 4240 quae
808 4158 875 4241 poli
898 4156 1005 4238 fulges
1027 4154 1134 4237 regia,

712 4282 763 4325 me
787 4269 841 4324 tua
862 4280 923 4343 per
945 4258 1101 4341 suffragia

714 4365 754 4429 ad
778 4372 891 4429 sancta
912 4361 962 4428 fer
986 4362 1134 4444 collegia.

713 4525 789 4592 Ave
813 4527 916 4591 dulcia
938 4535 1187 4608 nostramet,

714 4640 828 4696 saneta
849 4638 912 4714 ter,
936 4633 1033 4695 beata
1055 4641 1184 4714 quater,
1295 4636 1334 4699 10

714 4737 806 4820 eujus
830 4753 969 4819 sponsus
992 4735 1072 4800 deus
1095 4745 1204 4820 paler,

714 4840 772 4922 da,
793 4849 830 4905 ut
851 4847 924 4905 ruat
946 4838 1073 4905 daemon
1095 4849 1175 4904 ater.

711 5001 788 5069 Ave
811 5022 932 5088 aponaa
954 5003 1142 5083 SunamitiS,

712 5108 837 5191 palmes
860 5109 970 5172 virens
991 5126 1081 5172 verae
1103 5106 1194 5184 vitis,

712 5228 773 5292 per
795 5218 829 5271 te
851 5209 947 5272 detur
968 5228 1033 5291 pax
1056 5207 1218 5290 contrista,
1294 5208 1334 5272 15

617 5310 660 5374 80
713 5311 889 5375 suffocetur
910 5311 1037 5376 flamma
1059 5310 1132 5375 litis.
