3250 6517
541 1296 625 1369 tot.
657 1296 715 1368 De
742 1322 770 1368 s.
799 1293 965 1397 Aegidio.

258 1511 347 1579 Sient
369 1532 486 1598 passer
509 1513 670 1579 solitarius
692 1515 724 1579 in
749 1523 856 1598 teoto,

258 1618 303 1681 sin
324 1617 376 1680 vir
398 1613 559 1698 Aegidins
577 1618 719 1701 pervigii
741 1618 773 1681 in
796 1617 936 1684 Christo.

256 1804 476 1887 Requieseens
499 1806 591 1887 quasi
613 1806 666 1871 len
688 1825 760 1871 oum
783 1806 871 1871 duda
893 1811 1055 1891 accubuit,

257 1909 329 1973 dnm
351 1909 475 1993 pullum
497 1927 588 1974 sunm
609 1909 651 1973 ad
673 1911 799 1974 vineam
820 1910 924 1992 ligare
947 1912 1076 1978 studuit.

256 2096 299 2162 Ut
316 2097 443 2162 catulus
465 2097 568 2161 leonis
591 2097 784 2163 ascenderat
807 2099 850 2163 ad
871 2101 1016 2184 praedam

257 2202 395 2283 alligans
417 2200 460 2264 ad
481 2202 580 2265 vitem
602 2202 726 2265 asinam
748 2220 847 2267 snam.

257 2389 335 2456 Cum
357 2411 420 2475 per
442 2392 593 2456 virtutum
616 2391 737 2457 scalam

256 2493 383 2559 Sorech
403 2513 552 2577 quaerens
573 2495 702 2559 vineam

256 2619 291 2664 se
313 2618 467 2683 suamque
491 2597 621 2663 Christo

252 2704 406 2787 junxerat
428 2720 588 2787 sponsam.

255 2891 315 2958 Hie
337 2893 487 2959 inventus
510 2895 579 2958 sine
601 2890 743 2979 micula,
823 2967 826 2974 ,

256 3016 316 3062 nee
338 2998 485 3093 speravit
505 2999 537 3061 in
561 2998 722 3064 thesauris
745 3005 778 3063 et
799 2996 952 3082 pecnnia,
1033 3037 1038 3046 -

255 3186 303 3250 Ne
325 3186 387 3253 sibi
409 3187 543 3253 coluber
565 3188 598 3250 in
621 3187 675 3251 via
736 3226 738 3230 ι

255 3309 315 3355 nec
335 3297 480 3355 cerastes
502 3308 621 3355 nocere
642 3297 755 3373 posset
776 3289 809 3352 in
833 3289 955 3353 semita.

255 3475 314 3542 Cui
337 3497 399 3560 per
420 3487 543 3544 sanetae
566 3478 716 3543 trinitatis
737 3476 917 3542 efficaciam

257 3581 391 3645 eontulit
413 3590 534 3645 tantam
559 3579 639 3645 dens
661 3581 847 3644 meritorum
870 3582 1023 3663 gratiam,

255 3768 297 3836 Ut
318 3770 545 3836 miraculorum
567 3789 742 3836 coruscans
765 3772 937 3835 virtutibus

254 3875 380 3938 miseris
401 3894 462 3957 per
483 3874 587 3956 ipsum
610 3874 796 3938 subveniret
819 3874 973 3957 pluribus.

252 4045 333 4110 Nam
356 4053 503 4129 tempore
525 4043 664 4126 quodam
685 4052 821 4130 propter
844 4044 1081 4127 eleemosynam

253 4149 371 4213 misero
394 4146 519 4212 cuidam
543 4165 633 4212 suam
656 4145 745 4211 dedit
766 4146 922 4227 tunicam,

254 4337 356 4414 Quam
378 4343 415 4400 ut
436 4356 527 4419 aeger
549 4335 632 4400 idem
655 4334 819 4415 induerat,

254 4440 421 4505 incolumis
443 4439 518 4503 inde
541 4437 690 4502 redierat.

254 4627 377 4694 Deinde
400 4629 587 4711 relinquens
606 4627 765 4693 Graeciam

254 4733 380 4799 transiit
403 4732 480 4796 exul
503 4730 544 4796 ad
567 4730 713 4796 Galliam.

253 4904 370 4970 dinnns
392 4907 434 4969 ab
458 4903 638 4986 apostolico
659 4902 772 4968 Romae
794 4902 856 4966 sibi
878 4902 1100 4986 contraditum,
1229 4921 1232 4926 ·

256 5008 363 5073 statim
384 5006 549 5071 inmissum
572 5004 679 5070 Tiberi
702 5004 820 5070 direxit
842 5002 886 5069 ad
907 5007 1096 5072 ooenobinnu

257 5178 429 5245 Peccatum
451 5179 540 5262 regis
561 5179 678 5263 piavit,

256 5290 412 5348 norim
433 5283 649 5348 resuscitavit.
