3250 6517
164 917 229 983 “8

164 1101 236 1168 Duo
259 1108 334 1165 suut
354 1101 475 1166 minuta
496 1099 554 1164 illa
582 1184 585 1189 .
841 1091 942 1175 Salve
964 1112 1092 1176 gemma
1108 1092 1300 1174 viduarum,

165 1202 369 1287 Augustinus
392 1211 426 1271 et
446 1203 593 1283 blonioa,
840 1214 931 1262 more
954 1197 1079 1262 stillans
1097 1196 1258 1262 olivarnm
1401 1191 1429 1256 tt

209 1322 349 1389 corpore
371 1312 405 1369 et
426 1304 549 1384 arima3
746 1302 788 1364 lb
885 1300 991 1365 oleum
1008 1298 1260 1380 misericordiae,

167 1489 247 1568 Quae
269 1489 413 1573 suscepit
435 1490 507 1573 pins
529 1488 646 1568 lesus,
843 1462 904 1568 bui
926 1498 959 1553 te
981 1460 1116 1553 matrem
1138 1484 1371 1572 deprecantur,

167 1591 221 1673 qni
244 1599 294 1654 est
317 1592 438 1655 sanctis
460 1599 573 1675 potus,
596 1609 672 1654 esus
842 1612 954 1657 veram
975 1592 1076 1689 vitam
1098 1596 1316 1686 assequamur

79 1723 81 1726 ·
210 1694 241 1756 in
265 1693 388 1757 coelesti
410 1693 526 1777 patria.
774 1710 777 1715 ’
885 1704 961 1779 post
982 1694 1078 1767 linem
1100 1692 1252 1758 nisena.

254 1876 312 1928 Ans
331 1874 408 1928 einer
427 1875 474 1929 lla.
494 1875 544 1929 des
562 1875 737 1948 ehemaligen
752 1877 883 1934 Klosters
897 1876 1068 1935 Broonbatb
1084 1875 1309 1946 beiwsrttein,
1325 1872 1438 1933 tatalrl

166 1959 261 2014 Reime
279 1960 335 2014 und
353 1961 501 2016 Versmass
519 1961 581 2016 sind
600 1962 677 2017 nicht
694 1979 795 2034 genan.

256 2082 289 2136 V.
306 2083 349 2136 to.
381 2082 460 2152 pius,
496 2082 695 2154 barmberzig‚
726 2084 771 2138 ein
803 2084 977 2141 besoutlerss
1006 2084 1136 2140 Reiwort
1164 2081 1214 2138 tur
1246 2082 1379 2142 elnotus
1416 2078 1437 2137 l.

167 2169 220 2225 No.
238 2168 364 2236 1081,9.
399 2168 599 2237 No.1osc,t.
634 2170 715 2225 Auen
739 2170 769 2226 in
796 2171 852 2228 tlon
873 2170 1024 2245 beringer
1050 2169 1100 2227 δεῖ
1123 2168 1332 2236 &dm
1362 2162 1438 2229 lobi

168 2256 219 2310 das
237 2254 413 2326 griechiscbe
431 2252 595 2326 συμπαθής.

602 2575 711 2648 1085.
745 2573 898 2647 Monicae
925 2572 1047 2646 mduae.

324 2807 423 2884 Alma
443 2818 548 2874 mater
569 2807 763 2891 Augustini,
783 2827 901 2893 preces
924 2817 1054 2874 nostras
1075 2810 1206 2896 suscipe

324 2921 358 2977 et
378 2933 441 2998 per
462 2933 519 2978 eas
543 2913 703 2979 conditori
726 2929 786 2976 nos
808 2914 942 2996 placare
964 2921 1095 2996 satage,
1189 2936 1192 2943 ¹

324 3027 422 3101 utque
444 3026 539 3101 regat
561 3037 698 3100 gregem
720 3036 828 3100 sunm,
850 3025 938 3083 tuum
960 3036 1019 3083 ora
1038 3017 1145 3084 lilium.

324 3204 514 3271 Amatorem
535 3206 738 3291 paupertatis
760 3204 901 3290 genuisti
922 3208 1090 3291 precibus,

325 3316 521 3373 maertorem
542 3310 692 3373 veritatis
712 3309 875 3391 protulisti
897 3308 1040 3390 fletibus,

324 3411 441 3492 lrange
463 3409 557 3474 nobis
579 3411 674 3474 favos
696 3410 799 3474 mellis
823 3410 864 3474 tle
887 3411 954 3476 suis
975 3410 1186 3476 sermonibus.

327 3598 409 3677 oua
431 3601 571 3663 obscura
592 3596 700 3663 multis
722 3546 829 3680 erant,
852 3606 887 3662 tu
908 3598 994 3664 dulci
1016 3598 1180 3680 colloquio

326 3703 399 3786 ejus
421 3719 479 3766 ore
500 3701 678 3785 reportasti
698 3701 842 3785 pectoris
866 3702 1020 3782 armario,

325 3808 401 3872 binc
422 3806 561 3890 propina
583 3811 694 3889 potum
716 3806 794 3868 vitae
816 3803 969 3888 flagranti
990 3806 1143 3888 collegio.

326 3994 374 4059 'l'n
397 3993 437 4059 de
459 3993 527 4058 vita
550 3994 726 4058 electorum
749 3990 849 4057 corde
872 3994 1026 4076 scriptam
1048 3996 1195 4078 regulam
1414 3982 1443 4050 ¹0

326 4100 414 4184 stylo
435 4099 488 4163 dei
509 4097 664 4180 habuisti,
687 4114 760 4179 quaa
782 4098 950 4193 perviam
972 4092 1096 4181 regiam

326 4212 357 4268 te
381 4202 422 4266 (le
445 4200 554 4266 mundi
576 4200 717 4265 incolatu
740 4198 870 4264 reduxit
891 4200 934 4265 ad
955 4203 1103 4285 patriam.

325 4390 411 4473 Regi
433 4407 547 4472 regum
570 4387 659 4451 salua
680 4387 749 4451 vita
770 4387 871 4451 decus
894 4396 926 4451 et
947 4365 1134 4472 imperinm,

327 4492 462 4556 trinitati
483 4492 554 4556 lans
577 4497 611 4554 et
631 4489 737 4553 bonor
758 4489 800 4553 sit
822 4509 882 4572 per
904 4506 998 4553 omne
1020 4491 1190 4574 ruentum,

329 4610 401 4674 quae
425 4591 578 4657 concives
601 4608 660 4655 nos
683 4590 826 4656 ascribat
848 4608 1061 4674 supemornm
1082 4592 1209 4658 civium.
1423 4586 1453 4652 ll

259 4773 433 4830 Karlsrober
459 4773 509 4828 lla.
534 4772 589 4829 No.
607 4775 668 4828 tot.
694 4773 735 4829 Bl.
763 4774 807 4828 oo.
835 4774 884 4830 dea
912 4777 946 4829 to
970 4775 1070 4833 labrlu.
1105 4775 1230 4833 oenones
1259 4778 1384 4843 Mla
1405 4776 1454 4833 l·

171 4864 288 4918 Kloater
307 4860 358 4916 aler
375 4859 548 4931 Augustiner
566 4859 746 4917 charisma
764 4877 799 4916 an
812 4861 1031 4918 llatlmersleben
1049 4863 1078 4918 in
1095 4863 1231 4919 Sarbaen
1266 4865 1335 4923 Dias
1352 4865 1405 4922 ul
1416 4860 1454 4915 la

171 4948 305 5021 folgends
328 4948 413 5016 Lietl,
446 4963 478 5002 so
498 4946 553 5001 wie
571 4946 642 5001 aucb
656 4948 725 5018 jeus
749 4945 803 5002 aui
823 4947 876 5002 den
895 4950 920 5002 b
938 4949 1105 5006 Pancratice
1127 4949 1191 5006 aintl
1208 4950 1340 5026 (luinge
1362 4948 1412 5008 ani
1421 4944 1455 5003 ὃ

173 5036 296 5094 ordena-
314 5034 369 5090 und
387 5032 634 5105 Kircbenbeiligen
652 5031 702 5087 des
721 5032 920 5106 obgeuannten
938 5035 1080 5093 Klosters.

1351 5095 1369 5123 Β

263 5173 369 5245 0biges
386 5171 453 5226 Lien
474 5170 513 5226 ist
536 5171 598 5225 eine
615 5168 859 5243 lleberarbeitung
882 5173 932 5228 (lea
955 5173 1081 5244 llynnna
1104 5172 1158 5230 ant*
1177 5175 1230 5231 deu
1254 5177 1282 5232 la
1301 5174 1454 5251 sug-th

171 5263 225 5318 llo.
240 5262 300 5330 ott,
318 5258 491 5331 angewandt
507 5257 560 5313 anl'
574 5256 651 5313 seina
669 5256 780 5339 llotter.
