3250 6517
261 1106 264 1112 ’
322 1110 395 1175 haec
416 1108 576 1174 instructa
591 1105 797 1172 nocumentis
819 1103 897 1171 noes
919 1104 1096 1174 munnae.
1221 1112 1229 1159 ss
1308 1152 1312 1159 .

322 1210 499 1306 custodiuit
518 1210 591 1276 vias
605 1208 713 1289 ,duras
735 1208 820 1297 tegis
838 1197 1048 1315 mangeliore.
1187 1211 1189 1219 '

206 1404 209 1410 '
320 1400 394 1466 Non
416 1408 468 1465 est
491 1400 562 1484 ejus
588 1417 646 1464 cor
668 1400 786 1464 elatum
809 1399 908 1464 titulis
930 1401 1100 1481 natalium,

319 1524 382 1571 nec
404 1504 528 1569 attrivit
551 1502 653 1568 decor
673 1503 787 1571 iormae
810 1505 968 1574 castitatis
990 1504 1105 1583 lilium,

322 1608 442 1692 quippe
464 1607 556 1672 vultu
577 1588 743 1690 speciosa,
766 1623 906 1690 corpore
922 1606 1118 1689 iuvencum,

320 1721 428 1809 mente
450 1711 589 1797 sprevit,
612 1718 688 1777 actu
709 1709 792 1819 fugit
813 1711 996 1794 nuptiarum
1017 1708 1209 1781 vincula.

323 1897 439 1962 Vultus
463 1896 534 1980 eJ‘us
558 1905 591 1960 et
613 1896 757 1961 incessus
780 1897 975 1962 nunciabant
997 1896 1134 1976 deforis,

322 2003 394 2084 quis
418 2000 554 2067 auectus
578 1999 764 2087 possideret
786 1998 932 2065 officinas
954 2001 1115 2087 pectoris,
1146 2079 1149 2085 Ι
1281 1982 1284 1993 ’

322 2108 425 2171 sicin
447 2126 488 2171 ea
510 2113 704 2188 coruscante
726 2104 812 2178 bono
835 2103 1013 2195 pudicitiae,

322 2208 511 2274 arridebant
533 2208 563 2271 ei
586 2206 680 2271 simul
703 2214 736 2270 et
757 2207 895 2271 virtutes
917 2207 999 2272 aliae.

322 2403 373 2467 Ex
395 2405 530 2469 rubente
554 2418 630 2465 rosa
652 2400 802 2472 simul-et
824 2400 982 2465 candente
1005 2402 1071 2466 lilio
1178 2472 1181 2479 ,

321 2504 417 2588 virgo
437 2498 539 2568 Fides
561 2509 718 2568 coronata
740 2502 820 2566 vivit
843 2522 885 2567 ex
907 2504 1077 2586 martyrio;

322 2611 406 2674 inter
429 2606 548 2674 choros
572 2605 764 2688 angelorum
786 2607 950 2688 geminato
972 2605 1106 2688 praemio

321 2713 417 2794 virgo
440 2707 540 2789 Fides
563 2714 624 2773 etc.

321 2917 425 3002 Virgo
448 2919 550 3003 stirpe
574 2930 788 3000 supergressa
810 2915 932 2998 primos
950 2911 1171 2997 Agerensium

322 3020 492 3086 sanctitate
516 3019 689 3084 cumulavit
707 3018 846 3101 gloriam
867 3016 1035 3097 natalium,
1185 3008 1187 3012 ’

321 3131 420 3208 pacta
441 3141 551 3188 secum
573 3121 735 3187 custodire
758 3120 890 3184 semitas
913 3119 1055 3185 fidelium

322 3225 492 3290 sanctitate
516 3225 630 3317 curnul.
653 3233 715 3290 eto.

323 3428 382 3493 His
405 3429 530 3493 eniens
553 3429 597 3493 ad
621 3449 804 3513 supremum
828 3430 951 3494 culmen
976 3429 1195 3495 sanctimoniae

322 3530 545 3596 holocaustum
567 3531 644 3596 tecit
667 3531 730 3599 deo
754 3541 863 3596 votum
886 3533 1104 3612 continentiae,

322 3640 395 3697 rata
417 3633 554 3715 crimen,
577 3618 745 3698 attrectari
766 3630 879 3696 ssorem
900 3630 1078 3718 pudicitie,

323 3734 546 3800 holocaustum
566 3735 639 3817 tec.¹
652 3744 713 3801 eto.

321 3940 483 4005 Decianus
506 3942 726 4047 introgressus
749 3941 862 4007 urbem
883 3936 1104 4024 ¹Agerensium

322 4043 443 4108 Christi
465 4038 581 4107 serv'os¹
603 4050 637 4107 et
658 4040 802 4159 ιιιιιιιι
816 4041 916 4107 trahit
938 4042 981 4107 ad
1002 4045 1207 4127 supplicium,
1303 4028 1307 4039 ²

322 4147 487 4211 immolare
510 4126 769 4211 contemnentes
770 4132 850 4229 e'jus
869 4142 943 4212 ιιι
934 4137 1116 4229 imperium,

322 4251 443 4316 Christi
459 4269 580 4343 servos
602 4259 689 4316 etc.

321 4457 440 4545 Pectus
463 4426 553 4520 Fidis
576 4408 688 4545 nortus
711 4428 833 4543 (ιιιιιιιι
855 4432 970 4521 uernat
992 4474 1115 4545 morum
1131 4413 1293 4561 floribus

323 4570 358 4627 et
378 4534 421 4626 ιιι
443 4550 556 4647 tiatum
563 4538 664 4657 ienis
678 4548 778 4628 austri
801 4558 871 4641 fluit
878 4534 1103 4659 aromatibus,
1164 4640 1224 4651 ..
1286 4643 1288 4651 Ι

322 4665 416 4730 hoc
406 4683 439 4727 ιι
461 4662 546 4728 votis
569 4652 641 4749 ejus¹
664 4658 750 4746 erat,
773 4664 868 4731 iroc
858 4685 891 4729 m
914 4664 1096 4748 desiderio,

322 4775 358 4832 ut
379 4786 567 4853 porenan
576 4777 784 4853 compararet
805 4769 945 4852 gloriam
966 4770 1190 4854 martyrio...
1259 4806 1299 4827 ··

323 4927 794 5057 Aestimationemncnristo.
810 4985 939 5060 gratam
960 4932 1074 5061 parum
1097 4828 1296 5060 virgum:

323 5080 382 5143 nisi
406 5080 501 5162 virgo
524 5088 661 5165 propter
679 5080 841 5146 Christum
865 5081 1078 5164 funderetque
1101 5080 1307 5165 sanguinem

323 5183 412 5247 audit
434 5182 513 5247 deus
536 5183 725 5251 etexaudit
747 5193 825 5250 vota
847 5195 971 5250 sancte
993 5186 1148 5267 ιοιιιιιιιιι,Ι
1173 5220 1177 5255 ι
1236 5228 1276 5257 ..ι
1299 5224 1301 5233 ·

323 5283 821 5372 ιιιιίιίοιιιιιιιιιιιιιιιιοιιιιιο
841 5289 1025 5356 certemiue.
1108 5324 1111 5363 ,·
1146 5330 1162 5361 -2
1227 5326 1241 5353 ·=
1258 5330 1285 5363 ιι
