3250 6517
424 900 534 974 unu.
570 900 629 972 ne
655 924 684 973 ι
710 898 895 1001 supi-m
919 902 1163 1001 (effla).

160 1135 183 1199 1.
209 1135 326 1201 Christi
350 1136 469 1202 domini
490 1138 596 1202 militis
882 1160 997 1224 poenss
1017 1161 1128 1211 amore
1151 1142 1272 1213 Christi

209 1240 424 1324 martyrisque
882 1244 1021 1309 libenter
1043 1248 1206 1311 sustinens

208 1344 373 1409 fortissimi
395 1345 511 1426 proelia
882 1345 1012 1413 fuderat
1033 1351 1136 1412 verba
1158 1349 1250 1416 talia:

206 1463 287 1510 voce
310 1444 383 1528 pari

207 1567 375 1631 canamus,
742 1549 763 1613 5
817 1543 847 1605 1.
880 1539 931 1624 „0
961 1539 1089 1605 Christe
1123 1551 1239 1626 potens
1273 1550 1305 1606 et
1337 1544 1438 1608 omni·

207 1650 402 1715 extollentes
423 1648 466 1713 ad
489 1648 606 1715 sidera.
1179 1666 1316 1728 parens,

881 1746 1014 1830 Precor,
1036 1769 1078 1813 nc
1094 1756 1218 1813 statuas
1233 1750 1296 1812 illis
1311 1751 1374 1813 ista
1395 1751 1437 1814 30

205 1782 265 1860 Qui
287 1762 423 1864 signiter
445 1782 619 1848 bellicosus
1188 1852 1195 1867 ‚
1231 1853 1238 1866 ,

881 1846 938 1915 Ad
958 1859 1126 1934 peccatum
1150 1846 1312 1916 cnmrna.“

206 1888 375 1966 extiterat,
396 1886 507 1951 valida

204 1989 306 2053 Manu
329 1996 398 2053 tota
419 1995 631 2072 prosternens
879 1982 961 2051 Haec
999 1986 1044 2050 ait
1090 1994 1187 2069 atque
1237 1987 1439 2052 commendat

203 2092 374 2157 Diabolica
396 2100 583 2158 commenta.
722 2095 762 2158 10
1007 2082 1009 2087 ’
1178 2106 1270 2153 snum

881 2188 1035 2275 Spiritum
1049 2191 1080 2253 in
1092 2210 1204 2255 manns
1213 2194 1326 2257 summi
1335 2193 1437 2276 patris

151 2326 168 2347 ..
200 2282 337 2360 Quando
360 2283 485 2350 daemon
515 2284 633 2349 domini
879 2291 1094 2375 linquentem
1116 2296 1293 2363 terrestris.

201 2385 371 2450 Famulum
395 2405 432 2450 se
454 2392 627 2468 putaverat
989 2417 991 2421 ·

201 2487 400 2571 Ι1111111110
418 2488 565 2567 Vi¹¹⁶⁰¹⁰s
813 2514 843 2573 1.
874 2509 942 2574 Nos
956 2511 1056 2592 igitur
1072 2511 1237 2592 poscimus
1250 2510 1367 2592 miseri,
1394 2511 1435 2572 35

170 2584 357 2656 'Devictus
878 2610 1002 2678 Alacer
1026 2613 1144 2679 domini
1168 2613 1303 2696 athleta,

201 2704 279 2760 tnnc
301 2695 438 2760 recessit
459 2696 493 2761 in
514 2703 652 2780 tartara,
721 2699 760 2759 15
877 2749 979 2815 Nobis
1002 2749 1129 2814 veniam
1148 2749 1274 2834 jugiter

202 2829 324 2912 Ecqui
347 2826 481 2894 smum
504 2828 628 2895 fecerat
876 2851 1048 2918 Postulans
1070 2862 1106 2919 ut
1129 2862 1242 2919 nostra
1265 2852 1377 2918 deleas

198 2933 299 2998 Neois
321 2933 407 2997 illins
430 2940 604 3010 auctorem,
878 2955 1004 3024 cuncta
1026 2957 1159 3040 defleta,

200 3034 294 3099 Pauli
317 3051 402 3098 nnnc
424 3034 574 3099 ecclesian

199 3137 352 3203 Doctoris

197 3238 348 3324 ejusdem
372 3238 480 3302 tremit
501 3247 677 3323 praccepta.
714 3241 758 3304 20

877 3094 920 3158 Et
941 3094 1076 3159 mundes
1096 3095 1201 3158 omnia
1216 3095 1370 3174 facinora,
1393 3096 1435 3157 lo

875 3196 921 3263 Ut
942 3218 1004 3280 per
1027 3206 1099 3263 tuas
1123 3216 1240 3281 preces
1263 3199 1422 3281 possimus

875 3299 1008 3363 liberari
1031 3298 1071 3362 do
1093 3319 1191 3383 poena

152 3480 161 3494 .
198 3429 282 3494 Nam
304 3444 377 3492 cum
402 3429 555 3512 martyris
576 3426 716 3512 undique
875 3431 919 3499 Et
941 3432 1016 3498 coeli
1032 3433 1170 3517 praemia
1191 3441 1349 3518 perpetua

200 3530 329 3616 Corpus
351 3532 523 3596 immensus
545 3532 647 3597 imber
879 3535 994 3602 Cuncti
1019 3544 1126 3602 tecum
1147 3537 1214 3601 laeti
1236 3547 1348 3601 tenere

199 3634 359 3718 Lepidum
382 3642 561 3717 premeret,
875 3639 952 3705 vita
974 3660 1103 3724 semper
1125 3641 1235 3720 beata,
1391 3642 1433 3702 15

199 3738 368 3805 Lacerans
390 3740 534 3801 membra
556 3754 667 3822 rosea,

877 3777 1043 3862 Stephano
1066 3779 1201 3861 signifer

198 3879 274 3963 lpse
297 3878 448 3961 corporis
470 3877 555 3942 allisi
716 3881 758 3943 25
874 3880 918 3946 Et
939 3890 1161 3965 protomartyr
1183 3880 1311 3947 invicte.

221 4064 271 4119 ils
294 4079 352 4121 von
369 4062 400 4118 S.
417 4063 517 4120 Gallsn
534 4064 589 4120 No.
609 4065 670 4120 318.
687 4080 716 4136 p.
735 4065 795 4119 113.
819 4064 870 4120 mit
888 4064 938 4120 der
956 4063 1090 4133 llolodic,
1118 4065 1153 4119 11
1167 4064 1265 4120 Jahrb.
1288 4079 1346 4119 von
1363 4064 1435 4121 Not«

151 4170 219 4209 erus
238 4150 370 4206 balbulus
391 4151 457 4223 (Δ).
491 4151 540 4207 ils.
549 4152 727 4209 sullinelssu
742 4153 811 4210 clun
824 4153 918 4208 11083.
932 4150 1002 4208 121.
1016 4152 1067 4207 mit
1074 4152 1206 4221 Noumen,
1221 4155 1253 4205 11
1263 4151 1361 4208 Jahrb
1371 4153 1433 4222 (Β).

151 4239 220 4296 side
245 4238 283 4293 im
311 4238 397 4293 Texta
424 4238 648 4309 gleicblautend,
682 4239 709 4294 Α
735 4238 864 4295 bemsrlrt
887 4255 938 4294 nur
962 4236 1169 4296 Ueberscbrilt:
1198 4239 1433 4308 υπωδυακωνιιια,

151 4343 169 4383 ,ε
188 4328 226 4383 dn
239 4324 401 4380 inventione
419 4343 441 4379 s.
456 4324 601 4396 Stephani.
637 4324 768 4381 Dieseibe
784 4325 906 4382 llelorlie
925 4326 975 4385 bat
993 4327 1045 4383 lto.
1060 4330 1137 4394 1013,
1156 4326 1227 4383 aber
1245 4325 1296 4381 mit
1312 4325 1433 4382 anderen

151 4411 379 4483 'erssbtbeilung.
417 4411 468 4466 liei
484 4411 598 4484 nbigem
616 4408 815 4483 'l'sxts'inlgts
831 4411 877 4467 inb
896 4411 946 4467 der
959 4413 1133 4485 Abtbsilnng
1151 4413 1179 4467 in
1191 4413 1226 4480 Α,
1244 4413 1320 4467 ibren
1334 4411 1431 4470 Altera

151 4514 248 4574 regu,
271 4498 406 4570 obgleinb
423 4498 465 4555 sis
483 4498 561 4555 nicbt
577 4499 632 4554 (len
648 4497 873 4570 regelmissigsn
890 4499 951 4554 Bau
969 4499 1018 4555 (lor
1036 4499 1179 4570 Strcpheu
1196 4498 1342 4566 cantent,
1374 4497 1430 4553 wie

151 4586 221 4646 sho'n
237 4588 309 4643 'ihus
337 4587 573 4659 Schwanlrnngen
598 4587 629 4643 in
652 4585 709 4643 des
733 4585 862 4643 amatu
887 4586 943 4643 uno
970 4587 1097 4643 initialsn
1125 4586 1273 4643 bewsbsu.
1307 4585 1356 4643 Sis
1382 4585 1432 4641 hat

151 4674 627 4743 masciacensibus,
646 4684 748 4745 grosse
764 4669 1065 4745 sntmgsnncncansn
1083 4672 1130 4729 bui
1150 4677 1176 4742 s,
1196 4675 1237 4741 11,
1256 4674 1368 4742 11-11,
1386 4675 1433 4733 boi

151 4760 259 4832 r'inss,
277 4761 324 4816 bei
342 4764 473 4831 l'l-lb,
490 4764 626 4831 21-11,
643 4761 691 4817 bei
707 4777 804 4819 mors
822 4761 851 4817 in
867 4763 919 4831 16,
935 4762 983 4819 bei
1000 4761 1139 4819 sustineus
1157 4763 1187 4819 in
1203 4765 1256 4828 27,
1274 4761 1322 4817 boi
1339 4762 1428 4819 verba

151 4850 228 4920 118,
254 4847 368 4919 beist),
394 4851 444 4920 31,
469 4851 519 4920 33,
545 4851 596 4922 31,
621 4849 672 4920 31,
698 4848 752 4920 18,
774 4850 825 4919 39,
848 4850 1101 4919 11,11,13,17.
1137 4849 1195 4905 llas
1211 4849 1350 4907 liedNo.
1369 4851 1431 4918 111,
