3250 6517
179 1102 334 1187 Sapphirus
359 1101 462 1168 habet
483 1101 626 1185 specim
827 1102 979 1187 Beryllus
1004 1114 1054 1170 est
1075 1106 1307 1194 lymphaticus,

178 1208 276 1272 celesti
296 1207 417 1272 throno
439 1204 592 1287 rinnon,
827 1213 863 1270 ut
886 1207 936 1271 sol
958 1207 991 1272 iu
1012 1227 1098 1290 aqua
1119 1210 1285 1294 limpidus,

177 1308 299 1393 designa
322 1327 383 1375 cor
404 1305 596 1391 simplicium
734 1307 774 1369 15
828 1306 949 1391 figurat
972 1318 1048 1374 vota
1070 1312 1221 1377 mentium

176 1432 247 1496 spem
266 1422 388 1479 certam
409 1409 683 1496 praestolantium,
828 1410 959 1492 ingenio
982 1413 1163 1495 sagacium,

176 1533 285 1597 quorum
306 1517 377 1580 vita
400 1513 554 1599 oporibus
827 1509 898 1594 quis
920 1512 1025 1594 magis
1046 1513 1137 1578 lubet
1159 1532 1286 1581 sumere

176 1617 332 1686 ddectatur
354 1627 389 1683 et
409 1618 562 1683 moribus.
826 1613 972 1697 pulchras
995 1616 1111 1697 quietis
1134 1619 1241 1684 otium.

176 1831 389 1900 chalcedonius
410 1827 566 1914 pallidam
827 1828 988 1915 Topazius
1011 1849 1076 1915 quo
1095 1834 1201 1899 rarior

173 1938 236 2020 gnis
255 1937 355 2001 hahet
377 1932 536 2018 effigiem,
731 1927 773 1991 ²0
826 1952 867 1998 eo
890 1943 940 2000 cst
961 1937 1154 2021 pretiosior,

174 2040 320 2105 subrutilat
341 2039 375 2102 in
397 2035 544 2121 publico,
827 2040 932 2106 nitore
953 2045 1047 2107 rubet
1070 2044 1181 2125 griseo

172 2143 308 2226 fulgorem
331 2141 390 2207 dat
412 2141 443 2204 iu
466 2136 591 2218 nubilo,
827 2149 859 2206 et
878 2151 1013 2226 aspectu
1035 2143 1181 2209 aethereo

173 2245 299 2311 wem
321 2244 387 2309 fert
409 2240 552 2307 fidelium
827 2247 1087 2330 contemplativae
1110 2247 1247 2313 solidum

173 2349 277 2414 occulte
299 2346 529 2414 tamulantium.
825 2350 902 2414 vitas
924 2361 1081 2418 monstrat
1104 2353 1252 2420 cilicium

173 2557 349 2645 Smaragdos
368 2560 479 2624 virens
497 2556 626 2622 nimium
730 2554 772 2616 25
825 2563 1073 2652 chrysoprasus
1095 2590 1278 2655 purpureus
1373 2617 1375 2621 -

172 2660 213 2726 dat
230 2663 333 2728 lumen
356 2661 556 2744 oleaginum,
824 2671 987 2735 auricolor
1009 2680 1043 2736 et
1060 2672 1242 2757 flammeus,

171 2773 207 2828 ast
225 2764 303 2829 fides
325 2762 535 2845 integerrima
825 2772 918 2856 cujus
941 2771 1096 2856 splendor
1113 2774 1146 2838 in
1169 2775 1312 2840 tenebris

172 2864 201 2928 ad
218 2883 308 2929 omne
330 2866 451 2930 honum
473 2862 599 2946 patula,
825 2873 969 2937 flammas
992 2875 1121 2939 evibrat
1143 2873 1261 2956 oculis,

172 2983 226 3047 qua
244 2978 407 3050 nunquam
428 2964 490 3029 scit
511 2948 653 3029 delicere
825 2976 898 3041 haeo
920 2983 971 3039 est
993 2975 1292 3059 petractamus,

172 3069 321 3152 upietatis
344 3085 455 3151 opere.
730 3063 772 3127 ³⁰
826 3097 921 3160 quam
943 3078 1032 3144 nulla
1054 3080 1170 3143 sternit
1191 3078 1313 3145 lentas

171 3277 324 3369 Sardonyx
346 3290 516 3363 constans,
539 3280 688 3363 tricolor,
825 3290 1027 3375 Hyacinthus
1049 3299 1098 3355 est
1122 3292 1295 3376 caeruleus,

170 3382 249 3454 ΝΜ
265 3390 372 3453 fertur
394 3386 546 3466 interior,
826 3395 934 3460 virore
957 3391 1184 3475 medioximus,

171 3506 243 3571 dhon
264 3490 417 3573 denigrat
438 3488 616 3570 humilitas,
826 3497 918 3581 cujus
942 3497 1061 3563 deeora
1083 3497 1184 3562 facies

170 3590 265 3678 inquo
288 3593 426 3659 albescit
448 3593 584 3674 caritas,
825 3608 964 3665 mutatur
986 3611 1021 3666 ut
1043 3601 1233 3687 temperier;

171 3692 202 3756 ad
219 3694 394 3761 honestatis
415 3692 575 3759 cumulum
730 3690 772 3753 35
825 3705 924 3768 vitam
946 3706 1054 3787 signat
1076 3707 1257 3789 angelicam

171 3798 246 3863 rubet
266 3816 395 3882 quoque
416 3796 613 3879 martyrium
827 3807 1020 3874 discretione
1043 3808 1221 3892 praeditam.

173 4024 286 4106 Surdino
308 4041 360 4099 est
381 4034 553 4118 puniceus,
825 4033 1038 4119 Amethystus
1060 4036 1245 4119 praecipuus

175 4132 244 4216 cujus
265 4136 357 4202 color
378 4136 577 4218 sanguineus
826 4139 937 4204 colore
959 4138 1142 4219 violaceus,

176 4242 291 4304 ostentat
312 4247 347 4304 et
368 4239 557 4322 martyrium
825 4242 969 4307 flammas
992 4242 1106 4306 emittit
1129 4258 1245 4305 aureas

177 4335 222 4401 rite
238 4343 491 4425 agonizantium,
730 4341 773 4405 lo
825 4346 1016 4428 notulasque
1038 4362 1240 4429 purpureas3

178 4449 262 4507 artua
282 4453 333 4509 est
355 4446 388 4510 in
412 4445 578 4528 catalogo,
825 4447 999 4533 praetendit
1020 4468 1080 4514 cor
1101 4449 1264 4514 humilium

179 4545 259 4610 umen
278 4548 383 4612 haeret
405 4548 570 4632 mysterio.
826 4548 956 4615 Christo
979 4552 1260 4616 commorientium.

179 4763 326 4843 incolet
348 4779 567 4862 chrysolithus
825 4780 868 4845 Hi
889 4781 1023 4864 pretiosi
1046 4780 1172 4865 lapides

177 4873 302 4946 aduolat
324 4882 416 4947 velut
438 4883 599 4965 olibanus,
826 4881 973 4946 carnales
996 4883 1125 4964 signant
1148 4882 1309 4963 homines,

176 4983 323 5055 pretendit
345 5003 453 5050 mores
477 4986 638 5051 hominum
731 4985 772 5048 45
826 4984 970 5049 colorum
993 4993 1044 5049 est
1064 4984 1226 5065 varietas,

173 5084 296 5175 perlecta
317 5087 528 5175 sapientium,
825 5086 977 5151 virtutum
1000 5086 1232 5170 multiplicites,

171 5186 212 5262 uui
229 5191 422 5273 septiformis
444 5194 561 5274 gratiae
827 5189 1016 5270 quicumque
1038 5187 1089 5250 his
1107 5186 1267 5265 floruerit,

168 5301 246 5356 tuero
267 5294 498 5377 splendescunt
516 5296 644 5380 jubare.
827 5291 971 5356 concivis
994 5309 1068 5354 esse
1090 5290 1218 5372 poterit.
