3250 6517
156 932 220 997 m

831 1113 925 1177 nobis
947 1111 1034 1177 dona
1055 1113 1205 1197 praemis3
1421 1114 1462 1177 65

831 1215 889 1280 tibi
910 1216 981 1280 laus
1005 1223 1039 1280 et
1060 1216 1177 1299 gloria.

156 1118 183 1184 0
206 1119 347 1184 clemens
370 1123 480 1182 rector
501 1116 649 1200 polorum

156 1220 343 1304 redemptor
365 1228 398 1284 et
420 1225 622 1298 cunctorum,

243 1400 291 1454 lls.
311 1416 344 1452 zu
362 1394 600 1453 Pommerslelden
621 1395 665 1450 bei
683 1395 833 1467 Bamberg‚
851 1394 905 1450 No.
918 1396 997 1449 2926.
1015 1395 1067 1451 des
1085 1398 1120 1450 nt
1136 1395 1236 1453 tenne

245 1524 276 1574 11
297 1536 394 1591 congr.
413 1519 481 1590 disp.
500 1520 546 1574 lls
565 1535 659 1590 gegen
678 1518 732 1573 den
749 1517 836 1571 Reim.
872 1518 906 1572 18
924 1518 1052 1589 plurimis
1070 1516 1091 1573 l.
1109 1519 1213 1587 multis,
1231 1518 1278 1574 lls
1297 1534 1392 1591 gesen
1406 1519 1456 1573 das

155 1607 311 1663 Versmass.
346 1609 382 1661 29
400 1606 579 1675 instruxerat,
597 1606 645 1660 lls.
681 1608 716 1659 32
736 1603 904 1675 corrigeret,
923 1607 970 1661 lls.
1006 1607 1042 1660 36
1060 1606 1108 1676 qui
1126 1604 1199 1662 fehlt
1217 1607 1269 1662 der
1286 1607 1336 1662 lls.
1370 1609 1407 1662 et
1423 1606 1455 1662 nd

154 1694 227 1751 l'elrlt
244 1695 293 1749 der
310 1695 358 1750 lls.
394 1697 430 1749 lt
447 1692 494 1749 sir
512 1694 575 1766 ejus
592 1693 644 1748 lrat
661 1692 705 1746 die
723 1692 771 1747 lls.
791 1690 941 1762 pontificis,
960 1710 1012 1748 nus
1027 1694 1089 1749 dem
1103 1692 1258 1765 folgenden
1271 1695 1346 1750 Vers
1359 1695 1453 1750 hielser

154 1798 290 1854 geeogen.
325 1785 358 1835 51
378 1786 570 1851 attemptatur,
588 1780 635 1835 lls.
654 1780 727 1836 nach
744 1777 795 1833 der
813 1778 993 1852 Schneibung
1012 1780 1061 1834 des
1079 1781 1269 1837 liittelslters

496 2063 581 2135 767.
620 2061 678 2132 Dc
704 2085 732 2131 s.
756 2060 848 2133 Asea
876 2063 1118 2160 (troparium).

155 2288 184 2348 1.
218 2283 334 2348 Grates
357 2285 420 2349 deo

220 2395 253 2450 et
274 2388 378 2451 honor
404 2389 467 2451 sint

218 2510 279 2572 per
302 2491 437 2572 saecnla,

895 2283 1041 2349 Flammd
1064 2285 1168 2350 sancti
1190 2287 1322 2370 spiritus

896 2389 1041 2469 iniciata,

896 2492 955 2555 sed
977 2495 1053 2575 igne
1075 2496 1235 2559 materiali

896 2605 1128 2680 consummate,
1399 2596 1433 2658 3⁰

756 2735 775 2794 5
896 2718 1006 2762 aurem
1028 2698 1137 2764 cordis
1159 2700 1202 2764 ad
1225 2698 1322 2766 fidem

894 2799 1122 2883 inclinaverat,

219 2625 279 2702 oui
300 2627 333 2691 in
356 2627 477 2691 sanctis

219 2731 285 2794 suis
308 2730 385 2795 lacit

218 2834 384 2899 mirabilia.
1473 2906 1474 2921 χ

817 2966 822 2973 “
894 2951 936 3017 Et
954 2953 1025 3037 jem
1048 2955 1131 3018 intus
1154 2953 1378 3038 praegustando

892 3055 1027 3119 dexmos
1050 3058 1220 3140 amplexus
1243 3056 1379 3137 videret,
1472 3082 1474 3137 ;

894 3159 981 3241 quod
1003 3180 1062 3223 rex
1086 3161 1229 3243 speciem
1247 3164 1318 3226 eius
1396 3153 1426 3219 li
1472 3166 1474 3247 j

153 3025 183 3086 2.
214 3020 315 3106 Cujus
331 3025 372 3087 ab
388 3030 511 3086 aeterno
529 3030 562 3086 et
577 3025 617 3087 ab
634 3024 771 3107 antiquis

216 3123 364 3189 ordinata
388 3124 547 3209 sapientia

218 3260 297 3326 Ovis
318 3260 447 3344 perdita
469 3261 720 3327 misericorditer

218 3372 269 3428 est
290 3365 422 3427 inventa
445 3373 477 3427 et
499 3363 671 3447 diligenter
734 3369 774 3432 10

215 3499 319 3565 Domo
342 3500 459 3565 eversa
481 3510 613 3607 reperta

217 3611 268 3668 est
290 3603 443 3668 drachma
466 3603 590 3669 decima

217 3707 249 3770 in
273 3707 457 3771 beatissima

217 3809 270 3874 dei
292 3818 434 3893 martyre
457 3808 551 3875 Alra.

150 4001 180 4064 3.
211 3999 316 4065 Hodie
339 4002 506 4067 cuiusdam
526 4010 560 4067 et

214 4122 293 4167 vere
316 4104 503 4186 singularis,
527 4105 621 4168 immo

214 4208 355 4271 coelestis
377 4208 513 4272 hominis
536 4208 617 4290 lilia,

212 4341 362 4428 Accepta
384 4344 443 4409 sed
465 4344 621 4429 dissipata

213 4455 338 4510 nalurae
361 4454 394 4509 et
417 4447 552 4509 rationis

214 4550 410 4631 substantia,

214 4684 362 4751 Vivendo
386 4686 563 4767 luxuriose,

213 4787 411 4850 sollemniter
434 4788 608 4851 revertitur

213 4889 255 4953 de
278 4888 414 4970 regione
435 4887 619 4969 longinqua.

146 5074 176 5137 l.
208 5070 313 5135 Hodie
336 5070 449 5135 eadem
472 5072 609 5156 pulchra

210 5173 276 5237 lilia
299 5174 411 5258 populi
430 5175 480 5238 sni

113 5370 181 5428 x
209 5285 243 5342 et
266 5277 379 5343 domus
402 5280 504 5363 patris
523 5280 641 5362 oblita,

733 4005 772 4066 15

894 3263 1111 3345 concupierat.

829 3505 859 3566 5.
891 3501 972 3566 Nam
995 3504 1051 3568 ille
1073 3501 1250 3569 Sunamitis

894 3612 928 3669 et
950 3604 1017 3669 lilia
1040 3606 1202 3689 andierat,

789 3750 792 3755 ’
895 3760 975 3837 Quia
997 3761 1137 3827 coelestis
1160 3769 1256 3847 pater

892 3863 996 3943 illam,
1019 3873 1054 3929 nt
1075 3874 1312 3952 reverteretur,
1396 3859 1427 3931 lt

889 3973 1113 4029 revocaverat.

892 4116 1015 4183 Sancto
1037 4120 1136 4203 igitur
1158 4119 1313 4187 Narcisso

892 4221 937 4284 illi
960 4223 1159 4306 praedicante
1183 4224 1290 4288 statim

892 4323 934 4387 ad
958 4345 1102 4390 mensam
1124 4327 1227 4410 patris
1249 4326 1352 4393 rediit
1381 4378 1384 4385 .

730 4551 772 4613 20
826 4557 855 4617 (i.
887 4554 931 4618 Et
953 4555 1056 4620 civem
1079 4554 1182 4637 illum,
1207 4557 1261 4620 cui
1397 4549 1431 4617 lt

726 5179 767 5241 25

886 4657 970 4720 male
994 4656 1149 4738 adhaesit‚
1172 4655 1327 4725 deseruie

888 4815 931 4880 Et
954 4836 1028 4899 quae
1051 4826 1179 4881 centnm
1202 4815 1304 4881 cados
1326 4815 1386 4882 olei

890 4920 1018 5016 domino
1041 4938 1099 4985 sno
1122 4920 1263 4986 reddere
1283 4919 1403 5001 debuit,

887 5074 1038 5162 Accepta
1062 5079 1211 5143 cantione

888 5189 1164 5246 sacramentorum
1189 5197 1321 5245 suornm
1399 5171 1433 5239 5⁰

889 5285 1021 5367 scripsit
1043 5284 1104 5348 sibi
1126 5282 1363 5367 (auinquaginta¹
