3250 6517
165 926 230 989 alo

166 1111 266 1197 Cujus
289 1119 416 1176 sacrata
439 1111 566 1193 lipsana
840 1105 924 1173 Hinc
944 1107 977 1171 iu
1000 1125 1167 1173 commune
1190 1106 1356 1176 dominum
1426 1111 1467 1175 2⁵

165 1215 243 1278 lelix
266 1214 356 1276 lovet
379 1210 550 1274 Germania
571 1202 579 1212 ’
840 1229 953 1293 regem
975 1210 1144 1276 laudemus
1166 1222 1366 1297 martyrum,

165 1317 197 1379 in
220 1313 385 1378 Duellensi
407 1312 530 1375 vertice
841 1312 897 1394 qui
917 1312 1047 1377 militem
1069 1322 1260 1379 coronatum

166 1417 336 1483 monachili
359 1415 549 1478 servamine.
746 1412 787 1474 20
841 1415 1001 1480 laureavit
1024 1415 1210 1500 Georgium.

166 1604 259 1670 llunc
282 1623 392 1669 omues
417 1604 510 1668 simul
529 1601 655 1666 llexiles
841 1600 892 1666 Sit
912 1603 984 1667 laus
1005 1605 1093 1688 patri
1114 1605 1277 1690 principio

165 1725 317 1790 rogemus
343 1715 439 1789 atquc
462 1705 642 1789 supplices,
841 1706 977 1789 ejusque
1001 1715 1076 1772 nato
1098 1709 1194 1773 unico
1419 1710 1456 1775 33

166 1818 203 1873 ut
224 1809 353 1874 devotis
376 1811 545 1875 clientibus
841 1824 912 1870 cum
935 1806 1050 1889 spiritu
1071 1807 1233 1889 paraclito

90 1946 93 1953 .
167 1913 207 1976 sit
226 1921 381 1996 patronus
404 1913 572 1996 propitius.
839 1928 901 1991 per
923 1908 1115 1974 sacculorum
1138 1911 1270 1977 saecula.
1300 1932 1398 1977 amen.

259 2130 307 2185 Rs.
326 2089 360 2184 zu
379 2131 506 2184 Rheinau
524 2127 569 2183 hei
587 2126 790 2183 scheffhausen
808 2128 861 2184 No.
880 2130 921 2184 83.
940 2128 982 2182 Bl.
1002 2129 1044 2183 58.
1062 2145 1113 2185 aus
1131 2128 1193 2185 clem
1214 2132 1247 2184 11
1267 2132 1366 2188 Jahrh.

255 2270 349 2335 teen,
368 2269 415 2323 lls.
464 2270 497 2321 21
517 2265 579 2320 llex.
599 2267 659 2320 sim.
679 2267 726 2321 lls.
775 2269 810 2323 23
830 2267 977 2336 clientulis,
996 2268 1059 2341 Hs..
1093 2272 1128 2323 25
1147 2270 1234 2341 hunc,
1252 2272 1302 2327 lls,
1349 2275 1446 2326 licor.

168 2353 290 2407 millis.

257 2489 289 2542 V.
309 2490 334 2542 6.
362 2490 478 2558 athleta,
497 2497 581 2545 unten
599 2490 731 2561 agonista
750 2491 805 2546 und
825 2500 905 2547 sonst
923 2489 1019 2565 hiufig
1037 2494 1117 2549 miles
1132 2495 1238 2552 Christi
1257 2494 1305 2553 ihr
1317 2500 1460 2570 llirtyrer,

170 2576 286 2631 beiden
306 2576 442 2632 Griechen
462 2579 566 2633 ehenso
586 2576 702 2648 ὁπλίτης.
737 2579 853 2634 ianuar.
871 2581 913 2634 Bl.
933 2583 975 2634 m.

259 2664 290 2716 V.
309 2666 342 2717 13
361 2661 407 2735 llg.
430 2680 463 2720 so
482 2665 554 2720 wird
574 2681 606 2718 er
624 2665 696 2719 auch
714 2665 742 2720 in
761 2666 815 2721 (len
833 2667 952 2722 hlentien
970 2669 1103 2737 erhohen,
1122 2669 1168 2726 τὸν
1186 2671 1236 2728 σὸν
1255 2668 1448 2744 θαυμαστὸνὲν

168 2750 243 2824 πάσῃ
261 2750 292 2824 η]
310 2751 346 2825 γῇ
364 2749 458 2822 ᾄδεται
476 2750 570 2824 ὄνομα.
590 2754 657 2823 Apr.
675 2755 718 2808 23.
753 2754 854 2809 Partes
872 2761 940 2822 trec,
959 2755 1004 2810 (lia
1023 2757 1083 2812 clrei
1099 2757 1177 2813 alten
1195 2758 1372 2828 Welttheile,
1389 2754 1450 2813 nicht

167 2839 222 2893 wie
241 2839 268 2893 in
288 2839 394 2894 andern
413 2838 522 2895 Stellen
542 2840 587 2894 clia
605 2839 785 2911 ‹lreitheilige
804 2840 894 2896 Welt.
922 2842 976 2898 No.
994 2844 1055 2910 ato,
1073 2846 1098 2897 3.

255 2927 288 2979 V.
309 2929 351 2980 13.
379 2927 499 2996 climata,
518 2927 562 2980 die
580 2927 643 2980 vier
660 2927 897 2999 Weltgegenden.
925 2929 956 2984 S.
972 2929 1026 2984 No.
1046 2931 1108 2999 85⁷,
1127 2935 1168 2987 12

256 3015 289 3067 V.
310 3016 351 3068 19.
375 3014 533 3069 Duellensis
557 3021 656 3070 vertex
682 3015 719 3071 ist
741 3014 935 3085 llohentwiel,
967 3033 1014 3072 wo
1038 3018 1162 3073 ehemals
1185 3020 1233 3074 ein
1259 3021 1376 3078 chster
1394 3032 1449 3082 ver,

170 3101 295 3155 welches
314 3103 350 3156 im
368 3103 440 3158 lahr
459 3104 526 3155 1005
552 3103 624 3157 nach
643 3103 723 3158 Steiu
746 3118 791 3158 am
808 3103 897 3157 Rhein
915 3103 1028 3176 verlegt
1046 3105 1161 3176 warde,
1190 3109 1315 3165 wonach
1332 3107 1380 3162 (las
1396 3100 1449 3159 ciel

171 3190 243 3244 noch
263 3190 290 3243 in
309 3190 359 3243 das
379 3191 413 3242 1o
429 3188 527 3244 Jahrh.
546 3190 656 3260 gehlirt.

506 3539 592 3613 943.
628 3541 687 3612 Dc
714 3566 740 3613 s.
769 3539 939 3642 Georgio.
971 3542 1129 3643 hymnus.

167 3779 294 3862 Martyr
317 3781 469 3862 egregie,
843 3789 876 3846 et
898 3782 1092 3847 transitorias

211 3881 274 3945 eleo
298 3882 430 3965 dilecte,
884 3884 992 3948 dulcia
1013 3887 1090 3952 vitae

168 3984 209 4049 ad
233 3994 265 4049 te
289 3985 492 4050 clamantium
842 4005 962 4052 memor
985 3986 1105 4051 Christi
1126 3987 1172 4052 tui

209 4107 309 4153 voces
333 4099 456 4153 tuorum
885 4099 990 4152 mente
1013 4089 1141 4172 liquisti.
1219 4123 1221 4128 ·

166 4193 326 4274 propitius
350 4191 425 4255 audi
769 4194 788 4253 5

210 4302 321 4358 sancte
344 4292 481 4376 (lem-gi!
842 4276 935 4343 Unde
957 4296 1018 4362 pl'O
1041 4278 1162 4342 meritis

885 4379 992 4461 fulges
1015 4379 1047 4441 in
1070 4379 1161 4443 coelis

166 4481 213 4545 'l'u
236 4502 296 4565 per
319 4483 486 4547 innumera
842 4494 877 4548 ut
900 4485 982 4546 inter
1006 4482 1115 4547 sideru

209 4586 319 4649 mortis
342 4592 503 4650 tormenta
859 4587 935 4651 .sol
958 4594 1064 4668 atque·
1077 4586 1167 4670 luna,

166 4686 327 4770 triumpho
349 4686 451 4751 nohili
842 4702 950 4755 certus
969 4688 1038 4771 jam
1060 4689 1202 4773 praemii,

209 4791 415 4874 promeruisti
749 4795 787 4858 10
884 4808 945 4874 pro
970 4808 1033 4872 quo
1055 4790 1198 4856 certasti.

165 4901 341 4974 martyrum
364 4891 483 4956 militiae
854 4887 855 4890 ’

209 4992 343 5074 siguiler
369 5011 450 5056 esse.
843 4980 908 5046 0ra
929 5000 990 5066 pro
1014 4982 1141 5047 famulis

885 5086 941 5149 tihi
965 5084 1092 5148 devotis

164 5183 257 5248 Vana
276 5182 431 5266 judicasti
650 5156 653 5161 .
842 5196 875 5254 et
897 5206 1006 5253 coram
1025 5187 1137 5271 judice

209 5286 329 5370 gaudia
350 5289 477 5372 mundi,
885 5291 1013 5354 veniam
1035 5307 1152 5372 posce,
