3250 6517
169 1125 249 1192 ps
290 1105 409 1175 hio-
436 1106 793 1190 praalun

169 1227 333 1275 »rum
374 1209 690 1293 populum

169 1308 586 1392 incredulum,

176 1433 366 1497 quem
410 1413 712 1479 zabulum

169 1537 304 1582 aare
348 1519 673 1605 repperit,

169 1618 236 1685 >d
277 1616 475 1704 impio

189 1720 471 1787 dominio

169 1846 188 1888 ι
235 1824 532 1907 Remigio

169 1928 394 1991 tator-io

169 2029 378 2093 lenter
424 2029 713 2095 traxerit.

169 2224 347 2280 ·rtum
392 2218 626 2299 gratiae

169 2317 465 2401 perfidiae

169 2440 218 2484 ts
255 2422 562 2505 justitiae,

169 2524 456 2589 ecclesiae

169 2644 239 2689 or
285 2626 591 2708 egregius

169 2733 432 2814 vinituS,

170 2855 274 2899 am
317 2835 612 2917 genitus,

169 2959 185 3000 ε
233 2937 531 3019 cognitus

169 3062 232 3105 ra
275 3040 574 3125 proditus

169 3165 178 3202 ν
217 3141 568 3223 Remigius,

201 3330 285 3392 ab
330 3325 602 3391 exordio

195 3430 606 3496 conversatio
629 3478 648 3513 ,

169 3533 272 3597 ntis
318 3552 581 3597 munere

169 3656 203 3700 a
247 3637 446 3720 coepit
489 3656 689 3719 agere
705 3685 725 3723 ,

169 3736 338 3801 dhuc
379 3737 640 3802 nutritio

169 3839 330 3905 leret
375 3841 461 3905 ab
506 3842 727 3905 ubere.

169 4036 387 4100 att-itus
425 4036 635 4102 fuerat

169 4140 400 4221 nattis,
446 4146 730 4223 reserat,

169 4240 295 4306 ndo
340 4242 590 4307 loculos

169 4362 342 4409 orum
366 4388 385 4426 ‚
428 4345 655 4410 oculos

168 4447 254 4529 {ui
297 4447 703 4531 praedixerat

169 4568 188 4612 3
233 4549 334 4612 sui
377 4548 614 4614 titulos.

168 4772 211 4818 n
256 4754 640 4820 adoleverat
656 4803 674 4838 ,

170 4857 308 4923 ›icut
352 4857 702 4941 didicerat,

169 4960 450 5024 abtraxit
490 4960 766 5043 populo,

169 5063 280 5127 mit
325 5082 365 5128 a
411 5063 654 5128 saeculo

168 5213 184 5246 ‚
232 5182 360 5249 quo
401 5166 515 5229 vix
556 5172 827 5230 steterat

169 5268 260 5348 ius
304 5269 645 5334 vestibulo.

1092 1209 1176 1275 2⁰

1095 1722 1178 1785 25

1094 2322 1178 2386 30

1091 2839 1175 2901 35

1085 3434 1170 3500 40

1083 4040 1169 4104 45

1085 4552 1167 4615 50

1080 5168 1165 5230 55

1282 1106 1670 1174 Declaratur
1709 1111 2003 1193 pontifex

1284 1217 1351 1275 et
1394 1209 1619 1274 sal-tis
1664 1211 1887 1294 opifex

1369 1310 1646 1394 spiritali
1686 1311 1924 1376 lumine

1367 1414 1673 1497 perfusus
1718 1422 1786 1478 et
1828 1416 2141 1499 unguine,
2445 1418 2527 1481 60

1282 1514 1482 1598 fitque
1533 1535 1722 1582 sacer
1765 1519 2048 1583 sacrifex

1371 1636 1589 1686 coram
1636 1636 1828 1693 sacra
1869 1622 2143 1707 virgine.

1286 1806 1558 1892 Captum
1569 1817 1800 1892 mente,
1821 1810 2233 1876 constrictum
2250 1810 2526 1877 vinculis

1282 1910 1521 1994 inopiae
1535 1958 1552 1991 ‚
1595 1919 1932 1977 carentem
1976 1913 2181 1978 ocutis

1282 2015 1489 2080 verbo
1525 2016 1757 2098 solvit,
1804 2025 2064 2083 recreat
2106 2017 2345 2100 epulis,
2438 2017 2519 2079 65

1371 2114 1641 2180 decorat
1683 2115 1943 2199 lumine3

1285 2217 1380 2281 sic
1423 2217 1632 2280 unitas
1677 2236 1923 2281 summa
1964 2237 2085 2300 per
2130 2217 2429 2282 famulum

1283 2319 1585 2383 trinitatis
1632 2320 1945 2384 cultorem
1992 2319 2283 2384 sedulum

1283 2427 1593 2502 operatur
1635 2438 1766 2485 uno
1811 2421 2184 2487 miraculum

1369 2523 1603 2586 trinum
1649 2524 1715 2586 in
1758 2524 2033 2587 homine.
2440 2525 2521 2587 ’10

1284 2710 1443 2776 Cum
1489 2710 1825 2793 flagrantis
1870 2711 2048 2775 urbis
2088 2710 2495 2779 Remensium

1281 2811 1517 2876 sedans
1561 2811 1775 2894 globis
1822 2811 2217 2876 flammarum
2262 2812 2477 2878 ovium

1279 2914 1468 2979 sedat
1509 2915 1726 2997 ignes,
1772 2913 1895 2979 sed
1939 2922 2007 2979 et
2050 2914 2433 2981 daemonium

1363 3016 1601 3100 puellae
1645 3016 1879 3081 nobilis
1971 3064 1980 3085 -.

1275 3117 1461 3200 fugat
1504 3116 1663 3180 fusis
1707 3116 1792 3180 ad
1837 3116 2028 3181 deum
2070 3117 2373 3201 precibus
2429 3116 2519 3179 75

1278 3227 1344 3284 et
1387 3236 1540 3284 mox
1583 3220 1807 3284 mortis
1851 3218 2173 3285 addictam
2218 3219 2476 3303 legibus

1275 3322 1636 3387 redivivam
1678 3321 1896 3388 reddit
1936 3324 2348 3407 parentibus,

1360 3428 1446 3492 ob
1490 3426 1618 3492 hoc
1660 3427 1810 3510 plus
1853 3425 2128 3491 humilis.

1272 3621 1570 3690 Christus
1615 3623 1895 3689 chrisma
1940 3623 2413 3706 paradisiacum

1271 3725 1443 3790 misit
1485 3726 1577 3806 ei,
1624 3744 1769 3792 cum
1810 3724 2207 3792 Parisiacum
2427 3727 2516 3792 80

1272 3846 1498 3911 regem
1535 3825 1663 3891 deo
1706 3827 1993 3893 sacravit
2034 3846 2163 3892 una
2205 3847 2351 3895 cun

1357 3931 1535 4012 regis
1579 3930 1831 4011 militia3

1271 4033 1560 4098 inimicos
1605 4033 1818 4101 crucis
1862 4050 2267 4117 exsuperans

1272 4143 1342 4200 et
1383 4135 1696 4219 sanguine
1743 4133 1981 4200 Christi
2026 4133 2479 4201 confoederans
2499 4182 2517 4219 ,

1273 4245 1624 4320 generatos
1668 4238 1863 4302 morti
1909 4247 2305 4320 regenerans
2427 4239 2514 4303 85

1358 4342 1443 4407 ad
1489 4343 1643 4406 vitae
1687 4343 1977 4427 praemia.

1272 4551 1326 4617 Ο
1370 4550 1770 4616 Francorum
1814 4548 2029 4631 gentis
2072 4550 2403 4634 apostole,

1271 4671 1478 4739 super,
1512 4671 1627 4734 ea,
1674 4670 1864 4735 quam
1910 4651 2037 4716 deo
2082 4653 2311 4720 sobole

1269 4757 1558 4822 lucratus
1598 4771 1701 4836 es,
1747 4752 1987 4833 affectu
2019 4755 2307 4840 ‚condole
2483 4831 2488 4839 ¹

1354 4852 1612 4944 paterni
1654 4858 1941 4945 pectoris
1960 4906 1978 4941 ‚
2427 4862 2512 4931 90

1270 4952 1339 5028 et
1380 4964 1447 5026 in
1490 4960 1683 5047 hujus
1729 4957 1944 5026 mundi
1990 4956 2330 5043 naufragio
2501 4950 2510 4957 ⁵

1267 5064 1656 5133 fluctuantes
1698 5070 1830 5126 tuae
1869 5060 2167 5142 Remigio

1269 5163 1629 5232 sanctitatis
1674 5160 1903 5225 refove
1947 5159 2188 5242 gaudio

1358 5267 1624 5352 superni
1664 5265 1916 5330 littoris.
