3250 6517
173 1109 217 1166 ps.
237 1093 336 1162 1223.
350 1096 432 1163 sagi:
452 1085 570 1160 ἀνέμους
589 1086 639 1149 τός
656 1084 752 1158 Ψυχὰς
769 1081 823 1139 τοῖν
841 1079 1001 1139 ἀποστόλων
1018 1087 1111 1158 el'ppss.
1147 1083 1187 1139 Er
1199 1088 1286 1141 nomi
1296 1082 1326 1141 in
1340 1085 1486 1154 μ’76,33

173 1180 248 1239 anah
270 1179 316 1235 die
335 1178 497 1248 Propheteu
515 1173 657 1241 Wollren;
688 1171 733 1227 die
750 1169 871 1240 Apostel
895 1169 959 1224 sind
976 1169 1037 1223 ihre
1057 1169 1240 1241 Bestittiger.
1277 1169 1436 1240 Propheta)
1454 1176 1488 1229 et

174 1265 301 1338 apostoli
319 1269 396 1320 reete
413 1261 594 1333 appellantur
611 1259 707 1327 nubes,
726 1257 791 1327 quis
808 1257 899 1311 verba
916 1255 980 1326 ista,
998 1272 1061 1326 qnae
1080 1262 1191 1326 sonant,
1209 1262 1239 1312 et
1254 1271 1394 1326 peronaeo
1413 1259 1483 1314 sire

173 1357 331 1424 transeunt,
351 1350 447 1406 addita
465 1349 550 1404 etiam
568 1346 743 1403 obscuritate
761 1343 977 1415 allegoriarum,
995 1344 1076 1414 quasi
1093 1343 1188 1413 aliqua
1206 1342 1329 1414 ealigine
1348 1343 1481 1412 obduets,

173 1441 255 1496 velut
272 1438 360 1495 nubes
378 1433 462 1502 finut;
498 1449 560 1503 qum
585 1433 648 1486 dum
674 1431 822 1487 tractando
847 1429 1052 1501 exprimuntur,
1076 1429 1147 1485 bene
1165 1428 1391 1501 intelligentibus
1409 1435 1480 1487 ta·-

174 1541 260 1597 quam
277 1524 367 1578 imber
385 1520 515 1574 veritatis
534 1515 692 1572 infunditur.
728 1518 860 1587 Aopustin.
879 1516 906 1570 iu
925 1532 1019 1587 genes.
1034 1520 1062 1585 2,
1079 1519 1104 1568 5.

258 1629 292 1683 V.
311 1630 336 1683 6.
362 1627 480 1697 lapides.
514 1625 657 1679 duodecim
681 1623 791 1694 lapides
814 1623 852 1677 ab
875 1623 944 1677 lesu
966 1622 999 1675 de
1017 1623 1143 1678 iordane
1166 1622 1250 1677 electi
1274 1628 1304 1678 et
1326 1622 1357 1677 in
1380 1638 1475 1678 artam

79 1758 82 1765 ,
170 1715 332 1772 testamenti
350 1713 462 1771 conditi.
488 1711 603 1767 totidem
623 1710 746 1781 apostoli
767 1708 1009 1780 portendebantur
1026 1714 1058 1764 ut
1076 1709 1186 1779 lapides
1205 1708 1290 1764 solidi
1306 1706 1371 1763 fide.
1410 1711 1475 1766 Ter·

170 1803 269 1857 mltum
287 1800 351 1855 adv.
369 1799 503 1855 Marcion.
525 1802 550 1866 l,
569 1801 610 1852 13.
647 1793 685 1860 οἱς
705 1797 826 1869 διαυγεῖς
849 1801 1019 1872 μαρναρίτοι
1044 1804 1094 1852 τοῦ
1109 1795 1193 1872 λόγου
1216 1793 1369 1853 ἀπόστολοι
1386 1797 1476 1852 πάντα

170 1888 349 1962 &adoptionis
369 1890 491 1943 Triodion
508 1889 539 1954 ll,
554 1891 577 1940 1.

260 1994 294 2047 V.
312 1998 337 2047 7.
366 1993 436 2065 λύρα
455 1990 530 2055 ὄντες
547 1989 596 2046 τοῦ
616 1989 739 2065 σωτῆρος
758 1995 1000 2062 πνεομάτονίνητος
1020 1986 1169 2046 ἀπόστολοι
1196 1989 1227 2046 τὸ
1245 1987 1343 2059 εὔηχον
1359 1990 1475 2064 psi-oup-

169 2087 242 2154 qeits
259 2078 337 2151 ὑμῶν
354 2083 429 2142 ἔπος.
459 2080 580 2133 Triodt'on
597 2076 633 2145 L,
651 2080 677 2133 3.
727 2079 754 2133 οἱ
779 2078 905 2148 μαθηταὶ
928 2075 1053 2151 Χριστοῦ
1072 2075 1223 2150 σάλπιγγος
1244 2076 1295 2132 sori
1312 2074 1474 2142 πνεύματος.

172 2167 257 2223 Trtod
276 2168 306 2235 L,
323 2169 349 2221 3.
386 2163 436 2222 οὐκ
454 2163 487 2220 ἄν
506 2165 596 2227 δόσις
617 2162 736 2240 ἁμάρτοι
756 2162 911 2237 σάλπιγγας
934 2162 969 2218 ιὰ
993 2161 1116 2236 στόματα
1134 2159 1474 2221 nordumbrensem.

172 2254 301 2326 chrysost.
319 2254 347 2308 in
366 2270 408 2323 ps.
427 2254 470 2322 to,
488 2256 512 2307 5.

260 2358 292 2413 V.
310 2360 353 2412 34.
381 2355 455 2413 λύετε
478 2356 529 2419 τὰς
555 2355 650 2433 σειρὰς
673 2353 726 2410 τῶν
753 2354 948 2427 πταισμάτων,
980 2355 1030 2419 τὰς
1053 2351 1189 2432 ἁμαρτίας
1213 2353 1266 2413 noir
1285 2352 1475 2429 ἀνομνοόντοιν

167 2437 255 2521 ἀμᾶς.
279 2446 341 2501 Jun.
360 2446 403 2499 30.

417 2795 503 2869 669.
541 2793 732 2893 Sequentia
759 2796 952 2867 eommunis
979 2794 1023 2866 de
1049 2792 1228 2893 apostolis.

171 3028 257 3096 doli
275 3034 376 3097 solem
399 3035 559 3097 imitantes
847 3032 1030 3113 lohannes,
1052 3041 1088 3096 ut
1111 3039 1161 3095 est
1182 3039 1320 3098 venatus

170 3131 206 3196 in
228 3150 347 3199 oooesu
370 3135 604 3217 triumphantes
847 3136 889 3199 ab
911 3134 1062 3219 Epheso,
1087 3144 1138 3199 est
1160 3136 1336 3200 translatus

215 3242 319 3298 ortum
342 3235 420 3298 solis
442 3235 595 3316 efferunt,
890 3237 931 3301 ad
957 3236 1031 3302 ooeli
1054 3236 1212 3300 convivia.
1422 3237 1463 3299 15

170 3421 282 3496 θήσω
306 3425 384 3491 solis
407 3434 440 3489 et
462 3443 629 3506 oceasum,
847 3427 952 3491 Mauri
971 3426 1131 3491 trucidant
1150 3425 1341 3492 Matthaeum

170 3545 307 3608 quorum
333 3545 445 3591 omnes
468 3528 511 3591 ita
535 3545 643 3591 casum
774 3528 792 3587 5
847 3537 880 3591 et
902 3527 973 3591 Indi
995 3525 1267 3591 Bartholomaeum

214 3636 312 3693 terrae
334 3628 417 3693 fines
440 3629 592 3693 referunt.
890 3639 924 3693 et
945 3628 1125 3713 Philippum
1149 3627 1300 3713 Scythia,

170 3813 319 3896 Petrum,
338 3814 471 3881 Paulum
494 3824 527 3879 ot
547 3812 715 3880 Andream
849 3815 1002 3878 Theman
1025 3814 1109 3897 ludi,
1132 3816 1249 3882 ludam
1271 3818 1385 3885 Perste

166 3936 230 4003 per
252 3917 429 4000 Neronem,
452 3939 513 4002 per
533 3919 682 4001 Aegeum
849 3915 1074 4000 Simonemque
1098 3920 1145 3985 sio
1167 3939 1266 4003 super
1288 3940 1325 3987 se
1426 3921 1465 3984 2⁰

212 4019 334 4103 Roma,
358 4020 473 4087 Patres
495 4023 669 4105 perimunt:
890 4019 964 4084 coeli
986 4021 1087 4086 ooelos
1110 4031 1292 4104 penetrant.

168 4201 335 4292 Herodes,
357 4228 439 4292 gens
460 4209 627 4275 Phariseea
754 4210 793 4272 10
846 4206 904 4284 Sio
926 4210 1105 4274 ascendunt
1128 4211 1202 4275 ooeli
1224 4211 1338 4292 ooelos,

166 4307 305 4375 Jaoobia
327 4320 361 4374 et
382 4314 415 4374 iu
437 4312 553 4376 Judaee
845 4312 900 4376 ubi
924 4311 1054 4376 Christo
1075 4324 1220 4396 pangunt
1242 4315 1361 4397 melos,

210 4413 296 4476 binis
317 4414 416 4477 vitam
435 4413 585 4478 adimunt.
891 4417 984 4479 nobis
1007 4417 1105 4479 vitam
1129 4418 1311 4500 impetrant.

258 4596 306 4650 lla
324 4590 358 4650 nu
378 4587 503 4665 cohlenn
528 4595 581 4650 No.
602 4599 643 4651 12.
667 4597 717 4652 mit
734 4597 784 4652 der
802 4597 937 4668 bielodie,
964 4614 1016 4653 aus
1034 4599 1095 4653 dem
1115 4603 1148 4653 rt
1164 4600 1262 4655 Jahrb.
1288 4601 1356 4670 (Α).
1389 4601 1467 4657 Astii

167 4679 216 4739 h'ei
234 4682 393 4741 Clicbtoveoa
410 4681 497 4747 §.226
515 4685 570 4753 (B)
588 4684 642 4739 und
661 4685 706 4739 hei
719 4687 816 4742 Daniel
827 4690 853 4755 2,
868 4691 918 4742 211
938 4689 999 4758 (C)
1033 4689 1103 4744 dene
1123 4689 1221 4743 beiden
1234 4689 1322 4744 Teste
1340 4688 1467 4744 sannen

167 4768 298 4836 inbereiu,
318 4770 411 4824 dieser
428 4770 466 4824 ist
483 4770 657 4841 interpolirt,
682 4771 749 4826 weil
767 4789 829 4827 man
849 4773 902 4828 den
919 4774 1041 4844 Apostel
1053 4775 1187 4830 Matthias
1206 4772 1341 4847 eiuffigen
1358 4774 1467 4844 wollin,

167 4853 266 4927 woliir
284 4856 348 4911 eino
363 4856 562 4929 ssrweiternng
580 4857 630 4912 des
651 4858 750 4914 liedes
772 4861 873 4933 ndthig
891 4878 961 4916 war.
998 4863 1039 4917 Da
1053 4862 1161 4934 jedoeh
1181 4862 1280 4917 Daniel
1298 4862 1383 4917 hoino
1397 4862 1469 4917 Ver·

165 4941 321 5015 gleiohuug
337 4942 431 4999 seiner
449 4943 566 5010 Qoellen
583 4941 732 5017 heigeiiigt
749 4945 807 5015 hat,
826 4964 859 5003 so
877 4947 950 5004 linat
967 4949 1027 5004 sloh
1045 4949 1114 5003 dher
1131 4949 1176 5004 ihr
1193 4948 1374 5007 Verhiltniss
1391 4949 1469 5007 nieht

162 5028 313 5087 urtheilsm
998 5085 1001 5091 .

254 5188 272 5241 3
290 5185 411 5257 afferunt
426 5187 455 5253 G.
482 5187 644 5243 iusserunt
657 5189 688 5257 B,
706 5189 735 5244 in
754 5191 804 5246 der
823 5191 985 5265 Erhliruug
1002 5193 1130 5248 versteht
1147 5209 1178 5248 es
1196 5193 1266 5248 aher
1284 5173 1482 5261 GliohtoueuJ

163 5267 214 5329 fir
231 5271 364 5331 tolerunt.
402 5275 438 5330 10.
453 5278 482 5330 et
499 5288 571 5346 gens
589 5273 712 5332 Hebraea
731 5276 761 5334 0.
797 5277 932 5335 Nach12
953 5277 1135 5351 lugtcem:
