3250 6517
324 1123 479 1187 Matthaee
502 1128 622 1196 sancte,
644 1118 720 1181 bino
742 1114 869 1198 pollens
892 1132 1041 1192 munere,

325 1227 444 1290 sedulis
466 1225 577 1290 desum
600 1219 772 1302 interpella
794 1217 960 1301 precibus,

325 1341 360 1395 ut
382 1347 442 1394 nos
464 1329 495 1391 in
518 1322 627 1391 mnndi
649 1324 809 1404 gubernet
832 1319 1024 1398 turbinibus,

323 1454 363 1498 ne
387 1440 461 1516 post
484 1437 625 1493 aeternus
646 1427 779 1490 sorbeat
800 1422 957 1486 interitus.

325 1604 425 1669 Beate
449 1601 559 1667 Simon
582 1607 615 1664 et
638 1596 803 1662 'l'haddaee
826 1596 950 1676 inclite,

327 1707 448 1773 cernite
470 1713 597 1769 nostros
619 1703 757 1784 gemitus
780 1720 851 1765 cum
874 1698 1017 1779 datibus,

326 1811 443 1893 quique
466 1827 525 1891 per
548 1807 674 1889 lapsum
697 1821 918 1887 promeremur
941 1800 1143 1880 barathrum,

326 1931 469 1996 perros
492 1911 645 1974 emiorum
668 1925 849 1970 mereamur
871 1904 998 1968 aditum.

326 2085 462 2150 Matthia
481 2083 571 2165 juste
595 2079 745 2144 duodeno
768 2077 850 2139 solio

328 2188 475 2251 residens
498 2192 601 2265 sorte,
624 2202 722 2247 nosa
745 2181 868 2244 cunctis
890 2180 1026 2243 nexibus

328 2292 419 2354 solve
442 2288 587 2371 peccati,
611 2306 699 2348 verae
724 2284 804 2348 lucis
828 2282 954 2364 gaudiis

329 2411 391 2474 quo
414 2391 616 2474 perfruamur
635 2388 697 2450 tuis
721 2385 840 2448 sanctis
863 2385 1022 2467 precihus.

329 2564 460 2644 Anuue,
484 2562 628 2643 Christe,
652 2562 845 2625 saeculorum
865 2559 1007 2640 domine,

331 2670 423 2732 nobis
446 2667 642 2751 perborum
666 2667 723 2730 tibi
745 2683 822 2728 cara
845 2664 974 2742 merita,

330 2781 365 2836 ut
387 2771 440 2853 qui
463 2780 495 2834 te
519 2789 627 2834 eoram
651 2769 797 2851 graviter
820 2767 1021 2848 deliquimus,

331 2877 443 2941 horum
467 2876 632 2939 solvamur
654 2873 806 2955 gloriosis
828 2873 988 2955 precibus.

330 3046 450 3128 Salva,
474 3047 676 3129 redemptor,
699 3053 787 3109 tuum
809 3045 934 3128 plasma
956 3044 1079 3123 nobile,

330 3153 489 3233 signatum
513 3158 625 3213 sancto
649 3149 695 3212 tui
718 3149 825 3212 vultus
846 3149 979 3229 lumine,

330 3274 371 3318 ne
395 3253 532 3317 lacerari
554 3252 640 3314 sinas
663 3250 777 3314 fraude
800 3250 993 3331 daemonum,

332 3365 467 3440 propter
490 3375 570 3438 quos
593 3357 704 3420 mortis
728 3356 896 3420 exsolvisti
917 3357 1066 3439 pretium.
1170 3379 1173 3387 ·

332 3529 414 3593 Dole
438 3530 587 3613 captivos
611 3548 685 3591 esse
709 3537 781 3592 tuos
804 3530 957 3608 famulos,

333 3632 468 3695 absolve
491 3649 579 3712 reos,
604 3630 803 3712 compeditos
826 3633 935 3714 erige,

332 3743 366 3798 et
389 3753 470 3816 quos
494 3751 609 3797 cruore
634 3732 798 3797 redemisti
820 3737 969 3817 proprio,

334 3858 392 3900 rex
416 3841 514 3917 bone,
538 3845 641 3900 tecum
664 3836 718 3900 lac
739 3837 886 3918 gaudere
908 3839 1075 3920 perpetim.

336 4008 386 4074 Sit
408 4011 480 4091 tibi,
503 4010 620 4090 dhesu‚
640 4011 808 4075 benedicte
833 4010 976 4090 domine,

334 4115 453 4195 gloria,
477 4115 592 4195 virtus,
615 4113 720 4177 honor
743 4122 776 4177 et
793 4114 960 4197 imperium

333 4238 490 4283 unacum
513 4227 606 4302 patre
629 4227 807 4300 sanctoque
831 4217 1004 4300 paraclito,

336 4340 406 4386 cum
429 4323 544 4403 quibus
567 4339 686 4403 regnas
710 4320 789 4384 deus
812 4331 887 4384 ante
910 4319 1038 4384 saecula.

215 4501 262 4555 lle.
287 4520 322 4556 nu
347 4503 487 4574 Bamberg
511 4503 559 4557 lid
583 4503 645 4571 vlt,
669 4506 711 4557 27.
737 4503 786 4557 des
813 4508 844 4557 15
868 4505 968 4559 Jahrb.
993 4505 1049 4574 (Α)
1076 4503 1185 4557 enthilt
1209 4502 1253 4556 die
1279 4503 1312 4556 V.
1334 4506 1382 4555 1-

127 4589 173 4643 lls
192 4589 318 4644 duselbst
336 4590 383 4645 lid
402 4590 464 4658 Vll,
482 4592 525 4645 36.
549 4590 598 4644 des
623 4593 656 4642 15
674 4590 773 4645 Jahrb.
797 4591 852 4661 (B)
879 4591 988 4646 euthalt
1012 4588 1156 4644 dieselben
1179 4588 1276 4644 Verse
1314 4590 1361 4644 lls
1380 4607 1387 4643 r

127 4676 216 4731 selbst
233 4677 281 4731 lid.
300 4676 356 4742 Vll,
374 4681 416 4731 35.
436 4677 484 4731 des
504 4680 537 4730 15
555 4676 653 4732 Jahrb.
672 4677 725 4746 (0)
746 4677 856 4733 entbilt
874 4678 906 4733 V.
924 4680 1038 4733 ut-tt.
1075 4677 1121 4731 lis.
1140 4693 1174 4731 zu
1192 4675 1278 4732 Gran
1296 4676 1360 4745 wli
1378 4677 1386 4730 r

128 4762 350 4833 tesaurum)
379 4764 429 4818 bat
446 4766 523 4818 5-8.
550 4764 676 4818 ot-to.
704 4763 748 4818 als
775 4765 855 4819 einen
884 4764 1041 4819 besondern
1068 4764 1193 4835 llymnus
1218 4762 1252 4816 de
1276 4779 1299 4816 s.
1317 4763 1387 4819 Jaeo

127 4851 260 4920 apostolo
281 4851 317 4905 ad
335 4868 482 4922 vesperas,
501 4852 551 4909 mit
568 4851 661 4912 dieser
679 4851 854 4922 horologio:

162 4935 209 4992 Sit
226 4936 345 4994 trinitati
364 4939 533 5009 sempiterna
550 4938 660 5009 gloria,
800 4939 829 4992 in
849 4939 955 4992 unitate
974 4938 1017 4992 oui
1035 4944 1129 4994 manet
1146 4938 1292 5008 imperium

163 5024 269 5093 bonor,
286 5031 414 5094 potestas
433 5031 517 5095 atque
530 5024 680 5098 jubilatio,
799 5041 834 5078 ex
852 5031 917 5080 tuno
934 5032 964 5081 et
981 5025 1064 5080 modo
1082 5041 1135 5095 per
1154 5029 1261 5079 eterna
1279 5026 1387 5078 scocula

216 5127 346 5182 Dieselbe
364 5129 410 5183 lis.
428 5129 538 5183 entbilt
555 5129 587 5182 V.
607 5130 717 5185 ll-to.
735 5131 848 5183 ΒΗΑ
875 5131 925 5184 mit
949 5129 999 5182 dor
1023 5129 1179 5184 nimlichen
1197 5127 1360 5199 lloxologis
1384 5148 1388 5179 a

129 5214 210 5269 einen
235 5215 393 5270 besondern
419 5216 544 5286 Hymnus
568 5213 694 5272 selden
719 5216 746 5271 h
771 5215 995 5271 Bartholonius.
1031 5215 1082 5271 llio
1100 5217 1147 5272 ils.
1166 5231 1223 5271 vnn
1243 5214 1271 5270 S.
1290 5214 1378 5271 Peter

129 5301 285 5358 Karlsruhe
309 5302 362 5357 Nc.
382 5303 416 5356 to
444 5303 493 5357 des
514 5305 546 5355 to
564 5302 662 5379 tebth.
686 5302 741 5374 (Ε)
767 5303 832 5374 gibt
855 5303 899 5358 dio
923 5302 956 5357 V.
980 5305 1105 5359 29-32
1127 5301 1253 5373 ³⁷4⁰·
1282 5301 1327 5356 als
1347 5302 1388 5358 ein

112 5402 138 5431 h
