3250 6517
372 1109 574 1190 eoonpatistoe.
843 1116 976 1181 quornm
999 1093 1113 1159 merita
1134 1095 1231 1158 beata

166 1276 213 1342 Te
236 1271 404 1340 custodem
425 1270 520 1334 matri
543 1267 640 1346 dedit,
746 1264 787 1326 25
842 1202 874 1264 in
898 1205 1074 1282 ⁰⁰⁰⁸p⁹⁰t¹¹
1098 1196 1150 1260 ‘¹⁰¹
1173 1203 1278 1278 graia·

164 1397 254 1446 mors
276 1354 467 1443 cruentato
489 1391 553 1436 non
575 1369 680 1451 laedit,
841 1363 911 1427 Vos
934 1359 1103 1443 virginalis
1127 1360 1233 1443 gloria

163 1490 281 1568 peetus
302 1480 407 1544 Jhesu
429 1486 464 1543 tu
487 1474 618 1554 suxisti,
843 1466 1059 1548 martyrisque
1082 1464 1237 1544 victoria,

166 1587 248 1651 mira
270 1583 322 1647 dei
345 1579 542 1666 praevidisti,
843 1577 910 1632 tum
932 1567 1047 1649 vigens
1069 1567 1270 1647 innocentia,

167 1706 282 1768 earne,
306 1690 411 1748 mente
435 1689 469 1745 tu
493 1683 624 1759 beatus,
842 1673 994 1735 virtutum
1018 1670 1210 1734 excellentia

167 1790 200 1855 in
224 1787 339 1854 ooelom
363 1788 409 1851 sio
432 1785 586 1848 elevatus.
748 1780 789 1841 30
845 1775 961 1857 dignos
983 1774 1075 1836 nimis
1098 1773 1289 1853 effecerunt,

846 1896 967 1942 summa
989 1875 1084 1940 laude
1108 1877 1338 1960 probaverunt.

405 1976 554 2057 baptista.

802 2111 807 2119 ,
843 2043 934 2107 Vasa
954 2060 1015 2106 vos
1038 2042 1222 2122 electionis,

170 2139 221 2205 Tu
243 2158 325 2221 pner
346 2138 419 2221 plus
441 2156 535 2218 quam
557 2134 733 2218 propheta,
845 2144 953 2207 sidera
975 2143 1198 2227 perfeetionis,

170 2240 301 2305 firmans
325 2237 402 2302 fidei
424 2237 571 2317 thorota,
844 2248 962 2311 vestris
984 2255 1122 2331 purgate
1145 2246 1298 2329 precibus

171 2362 290 2424 agnum
314 2342 367 2405 dei
389 2341 591 2423 praevenisti,
845 2367 905 2412 nos
928 2368 948 2412 a
971 2347 1099 2431 peceati
1120 2347 1273 2426 taeeibns,

171 2463 285 2510 vooem
308 2445 410 2528 patris
429 2444 616 2528 percepisti,
846 2453 1078 2516 omnebonum
1101 2451 1288 2531 impetrate,

171 2555 318 2612 sanctum
340 2547 484 2630 Spiritum
507 2546 632 2627 vidisti,
749 2545 790 2608 35
846 2571 905 2617 nos
928 2573 947 2616 a
969 2553 1053 2616 malo
1077 2552 1224 2615 liberate.

79 2658 83 2666 “
171 2651 345 2715 trinitatem
368 2650 541 2716 credidisti.

846 2716 1042 2780 Mementote
1064 2717 1253 2779 miserorum

380 2839 584 2919 manaem,
846 2820 879 2882 in
901 2818 963 2883 hae
985 2818 1071 2881 valle
1093 2826 1319 2901 peecatorum,

847 2942 888 2985 ne
910 2942 1092 3004 mergamur
1115 2922 1147 2984 in
1171 2920 1348 3005 internum,

171 2997 294 3082 Aqussfl
316 3009 349 3064 i⁰
371 2999 540 3084 figuravit,
846 3023 906 3087 sed
927 3025 1073 3087 vivamus
1095 3023 1126 3085 in
1150 3029 1306 3086 aeternum

173 3105 244 3184 quis
267 3113 451 3168 sanctorum
474 3106 521 3168 sie
543 3105 692 3168 volavitt
846 3126 994 3191 videntes
1017 3125 1111 3189 deum
1134 3126 1268 3189 demum

170 3208 204 3268 ῐθ
228 3203 278 3267 ⁸01
300 3222 398 3266 Vel'llss
421 3204 607 3288 illustravit,
845 3231 879 3294 in
901 3230 1023 3295 saefflia
1044 3228 1244 3292 saeculofflm·

173 3324 215 3368 ex
238 3314 270 3369 te
293 3308 382 3370 rivus
405 3308 567 3373 emanavit
752 3310 793 3373 40

173 3406 306 3472 dulcore
329 3411 512 3492 suavitatis,
849 3398 1008 3480 [Verbum
1032 3394 1085 3458 dei
1108 3394 1230 3458 referat

173 3530 294 3576 summe
318 3511 431 3577 doctor
454 3515 605 3579 caritatis.
891 3501 1058 3566 J⁰h⁸¹¹⁰0⁸
1081 3498 1300 3580 evangelista,

848 3626 941 3690 quem
965 3603 1066 3687 digito
1089 3611 1328 3667 monstraverat

397 3705 567 3770 amborum.
891 3708 1058 3773 Johannes
1081 3707 1183 3770 almus
1205 3706 1357 3790 baptista.

174 3861 278 3928 oliva
300 3882 361 3929 vos
384 3869 552 3950 pretiosae,
848 3870 916 3936 llos
939 3871 1076 3954 petimus
1095 3868 1265 3949 attentiuS‚

176 3985 311 4050 quorum
331 3970 410 4033 vitae
432 3971 602 4054 gloriosae,
892 3992 964 4037 enm
987 3973 1050 4036 sint
1072 3972 1174 4035 nostri
1197 3970 1344 4054 patroni,

175 4073 333 4138 oolumnae
357 4076 497 4140 ooelestis
519 4078 648 4161 templi,
754 4079 795 4141 45
849 4084 885 4140 ut
906 4085 1027 4139 nostrae
1050 4073 1241 4155 generosius

174 4195 299 4242 morum
318 4177 416 4243 flores
439 4187 472 4243 et
495 4181 649 4263 exempli,
893 4176 993 4241 assint
1013 4175 1169 4258 petitioni.
1215 4168 1337 4251 amen]

263 4384 310 4439 tls.
329 4402 362 4438 zu
382 4386 553 4454 Karlsrnhe‚
571 4404 596 4441 o.
614 4387 666 4441 No.
684 4402 711 4440 v.
731 4389 808 4441 1430.
827 4387 869 4441 Bl.
879 4387 921 4441 68.
958 4387 987 4440 ln
1006 4385 1109 4439 diesem
1128 4384 1213 4438 Liede
1232 4384 1294 4439 sind
1312 4384 1358 4437 die
1377 4384 1411 4438 be

174 4472 305 4543 Heiligen
323 4473 611 4542 zusammengestellt‚
628 4473 695 4527 weil
714 4473 756 4527 sie
774 4474 904 4544 gleichen
924 4474 1030 4528 Namen
1048 4471 1153 4540 habeu3
1181 4470 1342 4543 gewdnlieh
1359 4487 1413 4526 vver

175 4556 286 4628 Heilige
304 4557 332 4612 in
350 4559 404 4612 den
422 4558 540 4612 Liedern
558 4559 733 4629 verbunden,
752 4560 796 4616 die
814 4561 944 4632 gleichen
959 4561 1076 4630 Festtag
1094 4558 1200 4625 haben,
1226 4557 1282 4611 wie
1300 4557 1405 4612 Petrus

175 4643 290 4712 Paulus,
308 4643 405 4699 Simon
424 4643 480 4698 und
496 4643 585 4698 ludas
604 4662 630 4698 u.
648 4661 674 4699 a.

266 4795 297 4846 11
317 4792 366 4846 ille
384 4792 492 4846 scheint
509 4791 562 4846 mir
580 4789 742 4849 fehlerhast
785 4795 821 4848 33
840 4793 1002 4864 praebuisti,
1020 4793 1067 4847 ils.
1115 4793 1150 4845 35
1170 4790 1236 4861 spir.
1255 4789 1336 4845 dermr
1355 4790 1412 4846 vid.

174 4879 366 4950 diuquilanr,
384 4880 431 4934 Hs.
466 4882 500 4934 43
519 4882 709 4951 templus&
744 4884 779 4936 to
803 4882 944 4953 exempla,
968 4882 1015 4936 Hs.
1052 4883 1085 4933 51
1106 4886 1177 4948 tam,
1195 4880 1243 4933 iis.
1280 4880 1315 4933 62
1333 4879 1413 4933 huoi

175 4967 228 5023 der
244 4967 293 5022 Hs.
328 4968 445 5021 dt-tt
463 4969 587 5039 gendren
605 4969 685 5028 nieht
700 4986 734 5023 nu
751 4969 856 5024 diesem
879 4969 983 5037 Liada,
1019 4968 1140 5023 eundern
1159 4965 1221 5021 sind
1238 4965 1413 5021 wahrsoheiv

175 5052 367 5110 Bruehstdolre
384 5070 435 5109 aus
454 5054 541 5109 einem
559 5055 672 5110 andern.
700 5059 734 5109 'oz
752 5056 797 5111 trie
817 5072 879 5111 oum
896 5055 960 5123 sint,
979 5056 1025 5110 Hs.

263 5217 296 5272 V.
313 5219 339 5270 5.
366 5215 574 5287 symphonista,
599 5220 669 5271 statt
686 5232 743 5271 vox
761 5217 906 5271 clamantis
925 5216 953 5270 in
972 5216 1092 5270 deserto.
1128 5214 1273 5268 Johannes
1298 5228 1315 5266 a
1334 5229 1411 5285 prop

174 5303 228 5375 (is.
240 5306 284 5376 to,
297 5305 332 5376 3)
349 5321 406 5361 vox
422 5311 540 5362 vocatus
558 5309 610 5374 est,
629 5305 694 5374 quia
712 5304 829 5359 verbum
847 5304 974 5375 preibat
1000 5304 1109 5372 Grepor.
1123 5303 1158 5356 Μ.
1176 5303 1248 5356 hom.
1262 5300 1290 5353 in
1305 5314 1348 5354 ev.
1366 5304 1413 5370 1‚a
