3250 6517
664 1316 750 1391 999.
790 1314 970 1416 Ejusdem.

549 1522 582 1585 in
601 1522 704 1604 primo
724 1523 878 1588 nocturno
900 1523 1079 1605 antiplona.

165 1693 286 1760 Beatus
308 1693 358 1756 vir
380 1691 485 1775 impiis
842 1692 898 1774 qui
918 1691 1006 1757 fideli
1029 1690 1093 1757 deo
1115 1692 1213 1758 fldem

208 1816 245 1862 se
267 1815 332 1861 non
354 1796 507 1878 sociavit,
561 1795 566 1806 '
886 1803 998 1860 servat
1018 1796 1088 1859 sine
1110 1796 1258 1861 terminu.

166 1917 260 1983 quem
283 1898 359 1981 quia
380 1916 451 1962 cum
474 1897 633 1962 stantibus
786 1883 793 1897 '

208 2008 297 2067 stare
319 2001 502 2081 recusavit,

164 2105 266 2187 pestis
289 2104 483 2187 pestilentias

209 2225 272 2271 nou
295 2206 558 2273 incathredravit.

842 1955 955 2022 Verba
976 1957 1226 2042 supplicantium

769 2104 789 2163 5
886 2054 1018 2125 auribus
1040 2060 1217 2144 percipias,

844 2165 897 2246 qui
919 2164 1047 2248 linguas
1069 2163 1238 2229 infantium

886 2265 929 2331 ad
946 2265 1141 2331 laudandum
1164 2269 1296 2351 expias,

845 2386 903 2433 ora
924 2377 958 2433 tc
980 2368 1177 2435 laudantium

164 2447 272 2526 Qum
295 2448 435 2511 fremunt
887 2473 931 2536 ad
951 2473 1065 2538 laudes
1088 2476 1226 2559 aperias.

209 2554 319 2619 hostes
342 2553 373 2616 in
397 2553 530 2632 ostium,

166 2677 186 2722 a
209 2674 272 2740 quo
296 2655 440 2740 pendent
844 2634 977 2699 Domine
994 2656 1052 2698 rex
1059 2683 1068 2716 ,
1092 2635 1420 2719 quamadmirabilis1

208 2768 257 2825 tot
279 2779 368 2823 arma
390 2759 533 2839 sortium,
751 2756 790 2820 10
844 2746 961 2804 cuncta
982 2737 1112 2821 indues,
1135 2759 1269 2804 manens
1291 2739 1420 2806 inmolil

166 2861 253 2946 quod
275 2880 338 2925 110„
361 2860 451 2924 timet
844 2841 875 2904 in
898 2859 957 2904 nos
980 2841 1108 2922 labens,
1131 2842 1162 2905 in
1187 2851 1220 2906 te
1242 2861 1309 2907 uon
1331 2843 1420 2909 labli

209 2963 363 3047 imlffllffl
386 2961 552 3026 h⁰⁸¹i¹¹¹¹¹2
844 3003 880 3068 ln
904 3004 1030 3068 domino
1055 3004 1255 3070 dominorum

845 3105 987 3170 confisus
1010 3116 1073 3187 cst,
1097 3126 1161 3172 non
1184 3108 1343 3175 honorum

166 3210 246 3279 Cum
269 3213 414 3293 invocat,
437 3211 624 3293 exauditur,
888 3207 1053 3273 Emundus
1076 3211 1107 3275 in
1130 3228 1247 3293 onere,

209 3314 373 3380 llmuudus
395 3335 416 3378 a
440 3314 585 3396 domino,
843 3332 917 3375 nam
939 3311 1080 3377 honoros
1102 3313 1214 3379 hostes
1236 3332 1360 3380 morunt

167 3417 238 3501 ejus
260 3436 360 3483 voces
385 3417 539 3482 exaudire
751 3417 790 3477 15
844 3416 912 3478 sine
936 3434 1025 3480 mora
1048 3436 1255 3501 sycomorum

209 3537 274 3584 non
296 3521 404 3584 differt
426 3522 457 3584 iu
481 3520 639 3598 crastino,
688 3607 690 3611 y
886 3518 1084 3584 succendunt
1106 3523 1137 3585 in
1160 3541 1310 3605 vespere.

255 3706 341 3760 Belle
359 3704 460 3760 lieder
477 3721 528 3760 aus
547 3706 635 3761 elnam
654 3705 888 3777 Antiphunarium
907 3722 941 3759 zu
960 3705 1091 3773 Kolmar,
1110 3707 1144 3759 ll
1160 3705 1259 3761 Jalula.
1296 3706 1361 3763 Von
1377 3707 1419 3762 ein

167 3789 381 3847 franconisohen
400 3792 525 3848 Dichter.
560 3793 626 3847 litei
646 3791 752 3857 andem
769 3792 895 3864 flymnen
914 3792 962 3848 des
982 3796 1016 3845 ts
1033 3793 1130 3848 Jahrb.
1156 3789 1210 3846 aul
1223 3792 1319 3847 diesen
1338 3793 1420 3866 lleil'p

169 3879 268 3934 stelen
287 3879 314 3934 in
333 3879 387 3935 len
404 3879 476 3934 Acta
494 3879 545 3935 SS.
563 3879 641 3951 Sept.
660 3883 686 3950 7,
704 3896 731 3951 p.
750 3881 811 3934 ⁵143.

252 4002 304 4058 stit
321 4003 415 4058 Gaude
433 4003 503 4060 Sion
522 4000 626 4076 langen
644 4004 760 4060 melre
779 4003 879 4060 Lieder
896 4001 950 4059 aul
963 4003 1008 4059 die
1026 4002 1154 4074 lleiligen
1174 4019 1225 4072 an,
1243 4019 1279 4059 ao
1297 4006 1370 4060 auch
1386 4004 1420 4058 eir

166 4086 221 4231 pappi
238 4089 293 4230 pipp
322 4092 348 4145 ln
377 4091 508 4147 Bettholt
535 4107 592 4146 ven
619 4089 704 4147 (istst
729 4090 776 4146 bei
802 4092 855 4147 Pez
877 4091 1009 4161 scriptor.
1033 4105 1087 4144 rer.
1107 4091 1246 4145 lustriae.
1264 4094 1291 4159 2,
1312 4095 1369 4146 137.
1399 4090 1420 4142 V

492 4494 579 4567 910.
611 4495 668 4566 Dc
695 4521 722 4566 s.
750 4497 912 4568 llrasmo.
949 4493 1140 4590 sequentia.

166 4692 367 4761 Sanctissimi
389 4694 550 4780 pontilicis
622 4742 624 4747 «
843 4698 903 4776 oui
927 4699 958 4762 in
980 4695 1203 4782 hujusmundi
1225 4699 1322 4781 spina

165 4806 200 4864 at
221 4798 372 4864 virtutum
394 4797 520 4883 opificis
843 4801 931 4866 lulsit
953 4809 988 4866 ut
1010 4801 1066 4864 lux
1088 4801 1258 4883 matutina,

208 4897 334 4965 Erasmi
355 4901 522 4966 sollemnia
886 4904 947 4968 soli
970 4902 1032 4968 deo
1055 4904 1219 4984 servieus,

165 5090 249 5155 'l'oto
271 5091 370 5155 corde
393 5093 589 5174 recolamus,
844 5093 887 5159 Et
907 5092 1044 5158 invictus
1067 5098 1100 5155 ut
1124 5091 1266 5174 athleta,

164 5201 198 5258 st
222 5194 339 5259 devote
363 5198 567 5262 concinamus
771 5201 790 5257 ὁ
845 5196 938 5264 clade
961 5196 1057 5279 hujus
1080 5197 1157 5259 vitae
1180 5205 1305 5280 spreta,

206 5300 359 5382 martyris
380 5302 564 5385 praeconia,
889 5299 926 5365 lit
946 5318 1009 5386 pro
1032 5297 1162 5365 Christo
1184 5301 1321 5393 patiens.
