3250 6517
151 1133 215 1181 nus
237 1114 271 1178 iu
294 1110 424 1177 domino
691 1109 752 1176 llic
775 1115 826 1176 est
848 1116 977 1174 secutus
1000 1109 1148 1191 regulam

151 1237 205 1284 nes
226 1219 300 1282 veri
321 1216 432 1283 clerici
597 1212 640 1278 30
692 1213 848 1296 divinam,
871 1213 1082 1297 apostolicam

151 1319 253 1386 edicto
272 1317 431 1383 monacho
691 1317 725 1382 iu
746 1324 841 1401 nutu,
864 1317 952 1398 cibo,
975 1318 1119 1383 vestibus

151 1441 178 1485 es
201 1421 306 1486 sancti
327 1418 483 1484 monachi.
692 1427 790 1502 atque
810 1420 943 1502 virtute,
964 1422 1115 1486 moribus.
1273 1422 1317 1488 00

151 1645 201 1700 tus
224 1653 320 1702 sacro
341 1636 460 1700 lumine
692 1640 770 1706 'ruis
792 1638 921 1703 devotis
942 1637 1069 1702 famulis

161 1755 307 1802 errorem
327 1737 466 1820 respuit,
691 1751 821 1829 presto,
843 1742 887 1805 ui
907 1748 1022 1825 pater,
1044 1739 1201 1821 subveni,

151 1862 189 1906 um
212 1840 362 1906 mundum
384 1841 491 1905 renust
691 1854 728 1915 nt
750 1845 901 1931 precibus
923 1844 1083 1910 continuis

151 1967 199 2011 >er
221 1944 314 2009 dives
336 1944 449 2009 extitit.
693 1951 757 2015 sint
777 1956 834 2014 tuo
857 1963 968 2015 umore
989 1943 1116 2010 fervidi.
1189 1998 1195 2010 .

151 2179 175 2222 ia
197 2158 383 2238 clementia,
694 2162 743 2229 Tu
764 2159 921 2227 moniales
942 2158 1061 2243 vigiles
1274 2156 1318 2222 05

151 2277 182 2321 ta
203 2257 381 2341 sapientia,
696 2266 834 2331 devotas
854 2264 909 2329 iac
931 2270 965 2328 et
987 2260 1141 2343 humiles,

151 2360 190 2423 cit
212 2359 310 2422 telem
333 2357 492 2421 hominem
694 2378 730 2435 ut
752 2376 786 2434 ω
808 2367 941 2448 dauon,
963 2365 1077 2430 adulo
1101 2387 1106 2399 ·

151 2461 246 2524 vitem
267 2477 452 2543 pauperem·
600 2458 643 2522 4⁰
695 2479 729 2537 te
750 2469 897 2551 laudent,
920 2466 1107 2534 Benedicte.

151 2676 207 2739 ·in
229 2684 318 2739 terra
341 2676 503 2756 habitans,
697 2687 831 2769 Quaeso,
854 2705 875 2752 o
896 2693 992 2770 pater
1012 2685 1141 2766 inclite,

151 2797 166 2840 Β
188 2794 318 2859 mpii
338 2775 516 2856 fflffitffls
695 2787 872 2854 Benedicte
894 2785 1094 2865 dulcissime,
1278 2784 1322 2848 *1⁰

168 2897 234 2944 non
255 2880 306 2942 vir
328 2878 388 2942 sed
410 2879 563 2961 angelus,
695 2891 785 2975 ipsas
808 2889 947 2953 decom
968 2893 1108 2971 protege

151 2985 249 3048 irtutc
270 2983 436 3068 praeditus·
697 2997 739 3060 ab
763 2993 850 3058 omni
870 2992 956 3057 malo
978 2997 1012 3055 et
1034 2989 1175 3056 crimine.

151 3201 275 3264 iconum
296 3199 457 3263 hominum
603 3198 645 3260 45
699 3205 806 3272 Olux
828 3202 937 3271 mundi
959 3213 993 3270 et
1015 3201 1198 3289 speculum,

165 3321 212 3384 εδ,
234 3309 268 3365 ct
290 3301 427 3364 omnium
700 3308 877 3374 Benedicta
900 3307 1118 3386 sanctissime,

163 3405 246 3468 fides
270 3404 430 3470 catholica
701 3430 760 3478 ora
781 3430 844 3497 pro
866 3411 962 3477 uobis
985 3410 1160 3489 dominnm,
1283 3405 1325 3468 '15

151 3532 187 3575 er
207 3508 317 3575 mundi
339 3509 476 3575 climata·
701 3515 809 3582 lumen
831 3521 943 3581 sancte
966 3512 1125 3580 ecclesiae.

153 3732 203 3788 ter
224 3743 305 3787 vere
326 3721 470 3802 inclitus,
706 3724 816 3791 Gloria
837 3725 922 3809 patri
946 3724 1076 3790 domino

151 3829 232 3892 ritus
250 3826 450 3910 seraphicus,
608 3825 649 3889 50
703 3836 737 3893 et
757 3827 935 3893 Benedicto
957 3826 1132 3908 monacho,

151 3932 206 3994 ;in
230 3948 329 3995 earne
351 3928 503 4012 angelus,
703 3932 758 4016 qui
780 3949 851 3996 cum
873 3931 989 3996 Mariae
1011 3929 1079 3993 filio

158 4033 275 4096 missus
297 4030 431 4095 coelitns.
703 4052 833 4117 semper
854 4038 973 4114 regunt
995 4048 1067 4095 cum
1091 4026 1219 4112 gaudio.
1284 4024 1328 4090 80

151 4269 174 4313 ιι
196 4247 395 4334 plenitudiue
703 4243 937 4311 Benedicanuns
959 4238 1105 4321 domino,

151 4353 273 4419 nundus
295 4353 444 4434 irradiat,
704 4348 855 4415 laudetur
876 4352 990 4411 sancta
1010 4343 1155 4426 trinitas,

151 4475 212 4541 gno
233 4475 292 4523 suo
315 4458 430 4522 ordine
610 4456 651 4518 55
707 4453 748 4518 de
770 4450 947 4516 Benedicta
970 4446 1102 4514 servulo
1161 4511 1163 4516 .

151 4584 156 4624 ι
178 4560 401 4657 estecclesia.
706 4555 769 4621 deo
792 4554 935 4620 dieamus
957 4553 1090 4638 gratias.

151 4805 166 4843 ι.
185 4803 220 4842 ιιι
236 4783 364 4858 Venena
383 4785 473 4843 (ilus.
491 4784 533 4842 nt
550 4786 611 4844 ccd-
628 4787 672 4841 32.
691 4787 725 4840 15
742 4773 843 4841 tenth.

151 4948 154 4990 ι
172 4939 233 4994 sine
251 4933 340 5005 fehlt,
351 4933 399 4990 ffir
417 4935 520 4990 semine
538 4935 589 4989 het
606 4934 651 4990 die
669 4933 716 4989 Hs.
735 4930 848 4988 femina.
878 4932 896 4987 8
914 4931 943 4986 iu
961 4933 1008 4986 at
1025 4910 1085 4984 ne(
1099 4927 1136 4980 3²
1148 4908 1267 4988 monadi
1280 4916 1330 4973 Π*

151 5023 274 5095 umus.
303 5023 348 5078 08
372 5028 402 5077 et
420 5037 464 5094 ap.
482 5020 529 5077 Hs
574 5020 808 5078 59etvest11s.
852 5012 1170 5080 citucdaristehen,
1188 5004 1331 5065 muca

151 5100 282 5168 sat-nach
298 5110 495 5169 italiinischor
516 5111 571 5170 Art
596 5110 670 5168 auch
697 5108 726 5165 in
749 5111 784 5164 ⁷2
807 5106 853 5164 die
870 5105 979 5163 Elisicu
1001 5120 1044 5160 nu
1093 5101 1129 5155 08
1152 5097 1216 5155 deu
1240 5094 1332 5150 Versa

151 5198 285 5256 anrt
889 5232 896 5242 ,

151 5435 405 5496 antennarum.
423 5436 468 5484 111.
1084 5400 1130 5467 10
