3250 6517
225 1123 340 1190 Foedae
362 1123 469 1189 caruis
491 1123 584 1187 luxus
607 1122 693 1206 polle

226 1235 261 1291 et
284 1236 425 1310 purgato
447 1227 554 1292 cordis
576 1215 675 1290 lelle'
902 1246 981 1293 cura
1002 1236 1113 1311 pestes
1135 1236 1171 1292 et
1191 1228 1325 1294 dolores

270 1329 334 1394 deo
356 1349 417 1395 noa
438 1331 591 1413 concilia,
943 1330 1086 1412 fugaque
1109 1328 1285 1410 daemonia,
1468 1330 1494 1390 o

228 1431 327 1497 tundo
348 1450 466 1515 proces
487 1449 549 1515 pro
570 1433 731 1517 peccatis,
808 1434 850 1499 10
900 1434 1035 1517 placens
1058 1432 1121 1498 deo
1143 1434 1241 1517 placa
1264 1434 1375 1517 deum,

226 1541 336 1598 notam
358 1534 431 1598 dele
453 1536 640 1618 pravitatis,
900 1557 941 1601 no
964 1537 1158 1603 condemnet
1179 1539 1308 1622 plasma
1331 1559 1418 1604 raum

269 1645 302 1703 et
323 1647 462 1703 mentem
485 1639 616 1705 irradia.
944 1644 1051 1706 caruis
1074 1649 1151 1726 post
1173 1643 1281 1707 exitia.

902 1123 992 1188 Sana
1013 1125 1147 1189 morbos
1167 1131 1202 1188 et
1222 1125 1412 1208 languores,

310 1823 357 1877 ils.
378 1839 412 1877 zu
429 1825 528 1891 minz,
548 1828 620 1898 Aug.
639 1826 692 1882 No.
711 1827 771 1882 439.
789 1826 833 1882 Bl
852 1827 912 1882 180.
930 1824 979 1880 des
998 1829 1032 1880 15
1049 1827 1150 1884 Jahrb

310 1949 344 2000 12
363 1947 515 2016 iracundia,
535 1947 582 2002 ils.

309 2104 361 2160 liin
388 2104 508 2159 auderes
531 2103 600 2158 Lied
626 2100 680 2158 aui
703 2102 798 2158 diesen
822 2103 953 2175 lleiligou
976 2103 1004 2156 in
1026 2104 1044 2155 5
1067 2101 1213 2176 Stropbeu
1234 2102 1287 2159 mit
1309 2102 1373 2159 dem
1396 2101 1501 2174 Λώῳ

223 2192 334 2263 dlartyr
356 2191 402 2244 dei
425 2190 542 2263 egregie
566 2191 642 2246 stebt
664 2190 692 2244 iu
718 2191 747 2244 A.
765 2189 832 2255 btojt
854 2206 919 2246 nov.
938 2188 1006 2244 bibl.
1025 2193 1137 2258 patrum
1162 2187 1188 2255 1,
1209 2191 1232 2244 1.
1258 2203 1286 2259 p.
1306 2191 1367 2244 aot.
1390 2207 1440 2246 aus
1457 2191 1502 2246 de!

223 2281 257 2333 11
275 2278 374 2334 Jahrb.
1104 2290 1108 2297 ·

430 2560 538 2634 1150.
577 2558 616 2631 S.
644 2557 844 2630 Sebastiaui
868 2559 1029 2658 martyris
1063 2559 1308 2658 (bopardam).

225 2767 255 2833 1.
285 2764 400 2850 Digois
422 2764 614 2831 extollamus
898 2765 929 2826 b.
959 2758 1004 2827 Et
1025 2759 1088 2827 deo
1110 2760 1434 2848 reddebat'auimas,

287 2867 451 2950 laudibus,
474 2865 648 2948 carissimi,

286 3005 389 3090 Regis
412 3005 526 3070 aeterni
549 3005 705 3086 gratiam,

289 3129 362 3191 quae
386 3108 442 3172 dat
463 3107 602 3192 palmam
626 3117 659 3172 et
681 3107 828 3190 gloriam,

287 3245 332 3313 Et
352 3267 413 3329 per
435 3246 614 3328 triumphos
629 3254 805 3329 martyrum
826 3248 845 3308 5

962 2884 1044 2947 quas
1066 2870 1221 2950 captabat
1243 2876 1394 2952 satanas,
1469 2866 1498 2929 lt

962 3017 1178 3104 Athletusque
1202 3022 1255 3088 dei
1278 3024 1426 3092 defessos

963 3123 1104 3187 reddidit
1124 3120 1315 3210 intrepidos.

289 3349 415 3414 coulert
437 3350 530 3412 nobis
545 3349 693 3413 solatium
716 3357 749 3412 et
764 3369 846 3431 gau·
897 3362 928 3424 (t.
959 3359 1097 3444 Eloquio
1120 3365 1247 3437 carenti

586 3449 681 3513 dium.
745 3474 749 3480 ’

962 3463 1026 3529 boc
1047 3467 1131 3530 bene
1154 3466 1302 3532 credenti

962 3566 1147 3632 facultatem
1170 3569 1312 3652 loquelae
1467 3570 1498 3634 lt

223 3614 254 3678 2·
283 3610 334 3676 m
357 3629 492 3695 quorum
510 3629 644 3675 ΜΘΝ
663 3611 715 3674 vo
730 3615 846 3676 b⁰⁸t¹¹⁸
962 3666 1104 3732 recordo
1125 3688 1235 3752 preco.

288 3717 385 3781 micat
421 3716 514 3782 nobis
550 3711 763 3780 Sebastianus
796 3715 845 3779 iu·

586 3819 708 3902 clytus,
963 3819 1115 3887 Geminos
1137 3841 1266 3906 quoque
1289 3825 1409 3893 iratres

287 3955 418 4022 Amictu
437 3955 618 4040 chlamydis
637 3958 846 4023 obumbratus
962 3933 996 3988 ²⁶
1017 3933 1195 4008 martyrum
1214 3928 1331 4011 llum

288 4072 321 4128 et
352 4064 498 4129 occultus
537 4065 597 4126 sub
629 4062 757 4126 militari
785 4062 845 4126 ba·
962 4045 1033 4091 Μ
1056 4029 1171 4110 ²¹8⁰ssss
1193 4047 1317 4096 ⁰⁰r⁰na

585 4165 661 4230 bitu·
803 4164 843 4227 10
960 4132 1045 4197 misit
1067 4132 1110 4197 tid
1132 4135 1207 4198 alla.
1467 4135 1497 4197 30

221 4332 253 4396 8.
283 4330 343 4395 Dei
365 4333 435 4395 veri
459 4332 563 4396 cultor
584 4329 740 4395 honestus

285 4441 398 4515 matus
428 4443 499 4498 erat
529 4442 562 4498 et
583 4440 745 4604 :impluit
775 4449 845 4555 ome
895 4378 926 4438 ⁷·
957 4374 1160 4544 &immeruit
1174 4376 1347 4564 mas,

686 4583 696 4619 9

959 4618 1003 4686 Ut
1025 4639 1100 4685 reus
1122 4621 1262 4703 sistitur,

961 4724 1090 4806 sagittis
1113 4732 1199 4789 totus
1222 4727 1408 4812 configitur.

959 4860 1018 4925 llis
1039 4860 1147 4945 plagis
1169 4865 1292 4929 cirratis
1468 4862 1499 4926 31

286 4669 399 4735 Gratia
421 4673 571 4755 pertusus
594 4673 704 4738 divina

282 4772 405 4857 placuit
427 4773 459 4835 iu
482 4781 551 4837 tota
572 4772 685 4839 Romae
709 4776 806 4841 ouria.

216 4963 248 5026 4.
279 4961 341 5026 liic
363 4963 484 5027 amicus
507 4971 578 5026 erat
600 4941 781 5046 principum
800 4963 840 5024 15
960 4965 1050 5029 ocius
1075 4967 1205 5031 sanitati

282 5068 325 5131 ob
347 5064 445 5131 fidele
468 5067 648 5149 servitium,
956 5069 1114 5153 perlectae
1145 5080 1320 5155 postquam
1341 5080 1409 5155 ,ora
1439 5067 1498 5137 md·

281 5200 370 5266 ldem
388 5202 459 5285 jam
482 5200 614 5266 Christo
636 5199 782 5266 sedulum
1257 5175 1362 5260 *ω’

282 5305 457 5411 exhibebat
476 5306 649 5391 officium,
957 5305 1052 5374 Ultro
1074 5326 1111 5375 sa
1131 5309 1272 5377 offerens
