3250 6517
200 932 247 997 98

289 1116 323 1170 V.
341 1117 419 1172 6-8.
445 1114 583 1169 Aehnliolr
601 1112 637 1168 im
655 1115 753 1169 Horat.
765 1116 827 1168 21⁰.
846 1109 862 1170 ὁ
879 1113 928 1184 τῆς
946 1111 1075 1188 ἀνδρείας
1092 1115 1242 1188 ἐπώνυμος.

291 1202 323 1256 V.
344 1205 386 1257 10.
414 1219 482 1257 crux
502 1207 603 1256 amata.
641 1204 682 1254 12.
701 1201 819 1255 imitans.
847 1201 945 1256 Crucis
963 1203 1138 1272 praedicator
1156 1211 1185 1259 et
1204 1211 1315 1260 amator
1333 1210 1365 1261 et
1383 1206 1507 1278 magistri

203 1290 273 1346 lieni
296 1306 348 1360 per
373 1306 433 1344 eam
457 1290 588 1344 imitator.
625 1289 738 1342 Ansclmt
756 1288 828 1343 Cant.
854 1295 926 1344 orat.
945 1291 988 1344 66.
1020 1290 1137 1361 μιμητὴς
1159 1289 1210 1346 τοῦ
1236 1290 1353 1356 πάθους
1377 1295 1505 1369 Χριστοῦ.

201 1377 278 1434 Νῦν.
295 1379 337 1433 30.
373 1376 462 1447 σόφος
480 1375 597 1447 μιμητὴς
615 1374 664 1431 τοῦ
682 1375 729 1430 διὰ
748 1375 870 1450 σταυροῦ
886 1374 976 1432 αὐτοῦ
995 1377 1120 1441 πάθους.
1142 1377 1208 1433 ibid.

293 1464 325 1519 V.
344 1466 385 1517 tt.
412 1463 534 1535 gemello
553 1463 694 1533 stigmate,
711 1462 779 1516 weil
797 1462 857 1516 sein
876 1463 984 1518 Broder
1001 1464 1102 1519 Petrus
1120 1467 1192 1520 auch
1209 1466 1381 1539 gelereunigt
1400 1466 1501 1522 mle.

461 1812 547 1886 690.
582 1813 625 1883 ln
652 1814 830 1883 nativitate
854 1839 881 1884 s.
908 1814 1061 1886 Andreae
1084 1813 1247 1913 apostoli.

205 2045 294 2112 Laus
317 2050 507 2130 angelorum
528 2050 651 2130 inclita,
882 2073 985 2116 noxus
1009 2053 1096 2117 cruci
1118 2073 1179 2137 per
1200 2052 1332 2118 biduum
1459 2053 1547 2117 15

205 2167 283 2233 spes
306 2150 506 2214 conditorum
528 2153 635 2229 unica,
882 2154 1027 2238 pendens
1051 2155 1161 2219 docuit
1182 2157 1345 2240 populum.

203 2252 312 2318 lumen
337 2253 416 2316 deus
441 2252 636 2333 delumine,

205 2361 242 2419 tu
263 2372 324 2417 nos
347 2357 388 2418 ab
411 2355 477 2417 alto
500 2355 636 2437 respice,
883 2341 939 2406 Sic
962 2341 1033 2423 ejus
1056 2349 1198 2422 aetemn,
1221 2340 1369 2424 Christe,

883 2444 1091 2509 clarificatum
1113 2443 1233 2508 lumino

202 2539 306 2606 Nobis
329 2544 510 2608 secundans
532 2545 618 2611 hunc
641 2545 740 2627 diem,
808 2548 828 2607 5
882 2548 1026 2630 spiritum
1051 2564 1179 2611 sumens
1201 2548 1234 2610 in
1257 2568 1341 2633 pace

203 2645 347 2727 apostoli
368 2647 559 2730 sollempnia
882 2649 956 2712 coeli
976 2648 1092 2712 locasti
1111 2649 1147 2728 in
1166 2647 1307 2729 aethere3
1452 2645 1520 2707 20

203 2744 367 2831 Andreae,
391 2752 483 2834 cujus
507 2772 566 2832 per
589 2755 700 2816 orbem

206 2851 298 2915 clara
319 2854 416 2918 micat
435 2854 603 2918 confessio.
882 2833 995 2913 cssssssii
1019 2834 1070 2898 ⁰¹¹5
1094 2834 1349 2917 llf⁰⁰¹⁸¹¹¹0¹¹¹¹¹⁸2

881 2934 1026 3017 Andrea,
1047 2954 1201 3002 succurro
1223 2937 1314 3021 pius!

204 3038 276 3117 Qua
299 3048 331 3103 te
351 3040 589 3123 redemptorem
609 3043 698 3106 saecli
882 3056 946 3121 quo
969 3057 1030 3123 pro
1049 3041 1141 3103 nobis
1164 3047 1321 3103 exorante

203 3144 308 3207 verbo
331 3145 483 3225 probavit
505 3142 599 3221 fidei,
787 3145 828 3208 10
881 3150 1041 3205 memento
1064 3142 1179 3224 nostri,
1204 3142 1341 3206 domine.

203 3260 266 3325 pro
288 3251 321 3305 te
344 3250 450 3306 trusus
474 3245 514 3308 ab
537 3240 655 3326 Aegea

209 3344 287 3407 tetri
309 3345 450 3408 carceris
473 3346 505 3407 in
528 3346 599 3408 ima,
881 3328 969 3395 Laus
992 3338 1024 3393 et
1046 3330 1150 3393 honor
1172 3329 1245 3408 tibi,
1270 3325 1408 3409 Christe,
1451 3310 1518 3385 25

882 3454 945 3497 una
971 3452 1042 3496 cum
1063 3439 1225 3514 regnante
1246 3439 1341 3513 patre

203 3528 331 3598 Dehinc
354 3551 458 3597 caesus
481 3535 652 3615 scorpione
883 3534 1031 3615 almoque
1054 3534 1148 3597 simul
1169 3532 1306 3612 tlamini,

203 3637 267 3701 sub
290 3643 425 3717 septeno
448 3637 609 3717 ternione,
881 3637 936 3699 uni
959 3636 1018 3699 sub
1042 3635 1126 3697 trino
1148 3634 1285 3697 nomine.

292 3845 340 3899 as.
359 3861 393 3896 zu
411 3844 533 3897 Admont
556 3841 608 3895 No.
630 3843 671 3895 18.
697 3841 746 3895 des
767 3845 799 3894 ¹2
817 3843 916 3897 lahrh.
942 3844 1006 3911 (Α).
1042 3842 1090 3897 lls.
1114 3859 1146 3895 zu
1165 3841 1195 3896 S.
1213 3841 1344 3896 Peterin
1362 3831 1524 3897 salzburl

205 3933 241 4001 V,
260 3936 303 3987 ct.
322 3932 371 3986 des
391 3933 424 3984 12
442 3931 539 3986 dalrh.
564 3930 628 3997 (B).
666 3929 712 3983 lls.
733 3947 767 3982 zu
787 3930 952 4000 Wiirzburg
971 3929 1068 3983 Theol.
1087 3944 1166 4000 perg.
1185 3929 1238 3983 No.
1256 3930 1301 3983 at.
1319 3926 1368 3984 fol
1385 3929 1433 3985 alt
1448 3921 1521 3983 ια’

202 4019 265 4076 dem
285 4022 317 4072 tl
337 4019 435 4074 Jahrb.
454 4017 504 4071 mit
522 4016 570 4070 der
589 4015 709 4070 llelodio
727 4016 790 4085 (C).

292 4172 310 4224 9
327 4170 505 4240 redemptore
524 4170 554 4224 C.
593 4172 623 4221 tt
644 4174 738 4222 trusus
758 4164 831 4220 t‘ehlt
849 4168 887 4234 B,
907 4183 958 4237 per
976 4164 995 4221 s.
1013 4183 1066 4236 pro
1085 4166 1117 4234 Β,
1136 4166 1172 4220 ab
1191 4163 1263 4221 t'elrlt
1282 4165 1312 4221 0.
1348 4168 1383 4220 12
1400 4165 1454 4220 imo
1469 4152 1507 4218 Ο

202 4257 240 4312 il
258 4258 398 4312 tentrione
416 4258 445 4313 Ο.
483 4260 517 4310 1't
536 4256 649 4312 Christo
668 4256 699 4311 C.
735 4256 768 4308 21
789 4255 834 4308 cui
853 4254 944 4308 cuncti
964 4255 994 4308 B.

293 4404 325 4456 V.
343 4408 369 4457 2.
399 4421 470 4473 spes.
498 4406 558 4458 Den
577 4404 761 4461 Unterschied
786 4403 927 4457 zwischen
948 4404 997 4458 der
1015 4401 1158 4473 lloffnung
1182 4403 1233 4457 der
1250 4402 1358 4458 lleiden
1382 4404 1437 4460 nod
1453 4400 1500 4459 det

204 4494 336 4551 Christen
355 4493 433 4546 stelit
451 4496 583 4563 loquella.
602 4494 635 4546 de
651 4495 781 4564 praedest.
798 4497 821 4562 1,
836 4497 860 4546 2.
880 4494 930 4547 mit
948 4509 1066 4563 grosser
1080 4490 1199 4548 Schiirt'o
1218 4509 1251 4547 so
1266 4489 1328 4546 aus:
1348 4508 1383 4547 ne
1394 4492 1498 4549 teneant

202 4585 332 4653 poeticam
350 4580 523 4648 sententiam,
542 4597 597 4649 qua
615 4580 716 4634 (lictum
735 4585 792 4634 est:
812 4596 871 4650 apes
888 4581 934 4634 otti
948 4586 1060 4650 qntaqrse,
1079 4584 1107 4634 et
1125 4580 1154 4633 in
1172 4578 1242 4633 illud
1259 4578 1414 4649 incurrant,
1431 4572 1498 4651 quod

203 4683 262 4724 non
281 4666 401 4735 politice,
419 4664 469 4718 sed
485 4666 632 4734 prophetice
650 4665 751 4727 dictum
770 4672 827 4721 est:
847 4667 993 4722 maledictus
1012 4670 1100 4736 omnio,
1118 4670 1161 4737 qut
1178 4681 1250 4737 spem
1267 4666 1344 4721 tolet
1360 4670 1389 4721 tn
1405 4667 1498 4721 m

203 4753 324 4823 (terem.
344 4755 386 4819 1⁷,
404 4754 444 4819 5).
481 4750 545 4821 Vgl.
564 4751 617 4805 No.
636 4753 697 4819 391,
718 4753 759 4804 16,

296 4863 328 4917 V.
346 4865 388 4918 20.
416 4862 480 4916 coeli
499 4862 596 4930 aetlrer,
614 4861 651 4916 ist
670 4861 892 4933 Umschreibung
910 4864 965 4916 wie
984 4879 1035 4917 arx
1054 4864 1185 4916 aetherea.
1204 4862 1256 4917 No.
1274 4864 1336 4931 ott,
1356 4865 1398 4918 tt.
1422 4857 1501 4917 wint

202 4948 278 5008 auch
296 4966 368 5020 apex
387 4953 523 5020 genennt,
543 4948 594 5002 No.
610 4949 669 5017 698,
683 4950 730 5002 Ὶ30.
748 4947 803 5002 ond
823 4946 867 5004 ot't
885 4948 950 5003 coeli
969 4948 1039 5004 oder
1058 4948 1182 5003 coelestis
1201 4948 1288 5004 curia
1316 4948 1372 5006 No.
1391 4946 1502 5019 matt.
1544 5002 1546 5053 ὲ

292 5060 324 5115 V.
341 5062 385 5116 28.
412 5062 530 5117 nomine.
558 5062 588 5118 S.
608 5063 660 5118 No.
679 5065 705 5131 t,
723 5066 748 5115 7.
