3250 6517
1402 946 1448 1013 'td

151 1127 329 1185 lislohtlielr
355 1127 409 1182 der
427 1122 604 1198 Nnchtolgor
623 1127 701 1183 Petri
724 1128 862 1198 sprscheu
885 1127 946 1182 sich
970 1127 1015 1182 dis
1039 1127 1116 1183 slteu
1134 1129 1235 1184 Liedor
1259 1130 1311 1185 der
1328 1130 1447 1186 Mondou

151 1213 210 1270 eben
235 1232 273 1271 so
302 1230 356 1270 nus
391 1214 449 1268 wie
474 1213 520 1268 die
544 1213 737 1269 lateinisches.
786 1214 827 1270 So
850 1230 956 1269 ueuuen
980 1214 1022 1268 sie
1046 1231 1070 1269 n.
1096 1216 1126 1269 B.
1152 1216 1205 1269 den
1230 1217 1318 1286 Pspst
1342 1215 1402 1272 Leo
1429 1215 1448 1272 l

151 1305 246 1378 Πέτρου
274 1301 325 1359 τοῦ
348 1306 508 1378 κορυφαίου
532 1299 641 1374 θρόνου
660 1300 834 1377 κληρονόμος.
860 1300 942 1356 Febr.
969 1303 1011 1356 18.
1056 1303 1112 1357 Der
1138 1303 1227 1373 Papst
1245 1303 1385 1360 Mortiul.
1412 1306 1449 1360 lm

154 1390 273 1445 tlalrrln.
298 1395 374 1459 (von
392 1391 445 1444 oto
468 1389 511 1443 bis
529 1390 599 1460 655)
624 1388 696 1442 wird
720 1388 793 1444 noolr
817 1395 940 1460 genennt
964 1398 1115 1463 κορυφαῖος
1139 1390 1211 1465 ἱερὸς
1234 1394 1279 1445 καὶ
1298 1387 1448 1465 ἀρχιερέων

162 1475 287 1552 iuuenis.
317 1476 408 1547 April.
435 1478 476 1530 13.
518 1475 574 1530 [ter
598 1475 739 1530 romische
763 1475 869 1529 Primst
892 1490 955 1530 war
979 1476 1100 1530 ntimlich
1131 1476 1176 1530 bei
1200 1475 1252 1531 dou
1276 1476 1447 1533 asiatisehen

164 1562 262 1620 lucum
290 1565 329 1619 im
356 1563 478 1618 nwoiten
501 1560 692 1617 Jshrhnudert
714 1561 775 1616 eine
800 1561 998 1632 snsgemuehto
1025 1562 1125 1618 Saone.
1170 1562 1199 1617 S.
1219 1563 1365 1619 Tertntttou.
1383 1564 1447 1619 adr.

166 1648 225 1707 Pru.
246 1655 271 1706 1.
306 1650 389 1705 Aucln
414 1650 540 1720 Chryso-rt.
563 1648 598 1703 de
622 1647 761 1703 sacerdot
784 1650 816 1716 2,
838 1651 860 1701 1.
885 1653 970 1702 neunt
988 1648 1040 1702 deu
1059 1651 1160 1703 Petrus
1178 1657 1336 1723 κορυφαῖος.
1373 1650 1446 1705 Ρο1ο

169 1736 263 1793 tilienm
278 1743 393 1810 partem
407 1736 485 1791 orbis
499 1731 631 1789 sufficere
645 1734 757 1802 debere,
776 1734 803 1787 iu
818 1749 872 1803 qus
886 1734 1003 1804 primum
1018 1734 1212 1804 apostolorum
1225 1750 1340 1790 suornm
1358 1733 1450 1791 voluit

169 1821 264 1880 tonnus
285 1823 501 1896 gloriosissimo
518 1822 656 1893 martyrio
675 1836 821 1877 ooronnre.
857 1823 987 1890 Auqnntin.
1006 1826 1106 1876 contra
1123 1820 1226 1877 Julian.
1245 1825 1269 1888 1,
1290 1824 1333 1876 13.

509 2121 594 2194 675.
632 2121 690 2192 De
716 2146 743 2192 s.
768 2121 880 2192 Petro
906 2118 1076 2218 apostolo.

170 2348 252 2415 luban
275 2353 367 2416 orbis
391 2351 595 2430 luminosum,
869 2351 1038 2414 veritatem
1063 2348 1172 2413 dicere

170 2450 249 2519 decus
271 2457 364 2520 orbis
386 2453 596 2536 gaudiosum,
869 2453 923 2534 pio
946 2470 1074 2534 semper
1097 2469 1206 2534 opere.

204 2557 337 2640 claviger
362 2555 515 2638 egregie,

206 2669 292 2742 caput
314 2678 352 2721 eg
376 2655 536 2721 ecclesi&
826 2639 906 2704 ESlO
930 2647 1032 2719 lutor,
1054 2657 1168 2722 pacem
1191 2647 1329 2721 pl'aeSlQ
1406 2637 1448 2698 25

828 2751 859 2805 et
883 2742 1030 2824 adjutor,
1053 2760 1095 2803 ue
1117 2740 1255 2803 molesta

170 2835 262 2925 Petu,
284 2854 381 2931 pete,
406 2845 447 2909 de
469 2843 636 2908 tormentis
755 2846 774 2905 5
871 2844 1036 2908 christiani
1059 2844 1171 2926 populi

171 2952 200 3007 ut
215 2950 313 3030 quiete
336 2946 555 3012 comburentis
693 2938 705 2956 ‘
870 2964 929 3010 uos
953 2949 1141 3011 comburunt
1163 2944 1283 3009 saeouli.

206 3050 301 3132 stagni
324 3049 423 3112 miser
446 3066 561 3128 eruor,

205 3153 389 3234 sempiterno
416 3146 575 3231 perfruor.
827 3134 924 3199 Petre
947 3133 1107 3206 clemens,
1129 3149 1214 3196 nuuc
1236 3132 1346 3195 solere

828 3238 934 3301 lumen
952 3236 1064 3299 lucens
1087 3242 1163 3318 post
1184 3234 1248 3299 hoo
1269 3253 1358 3298 mare
1408 3235 1450 3300 30

174 3333 233 3404 lun
254 3343 383 3426 suspiro
407 3347 458 3421 et,
481 3337 524 3402 da
546 3336 662 3417 menti,
874 3339 915 3402 de
940 3339 1030 3403 coelis
1053 3336 1190 3416 irradia,

172 3452 196 3507 tlt
213 3446 338 3528 requiro
362 3452 410 3524 le,
434 3440 601 3525 poscenti,
736 3436 776 3499 10
873 3460 933 3507 nos
956 3442 1089 3506 trahens
1113 3441 1155 3504 ad
1177 3438 1306 3522 gaudia.

199 3549 371 3630 gratiarum
394 3563 543 3624 munere,

198 3671 265 3715 men
288 3668 369 3714 saun
390 3647 536 3712 vulnera.
829 3631 855 3696 Ο
879 3631 1034 3712 claviger,
1057 3649 1118 3694 uec
1141 3647 1204 3692 uon
1229 3629 1353 3693 ouuotis

828 3735 907 3797 meis
930 3733 1043 3798 oouler
1060 3732 1130 3816 jum
1153 3732 1311 3796 defunctis

161 3838 200 3905 Ut
221 3843 279 3904 sim
303 3847 431 3923 castus,
453 3838 541 3921 pius,
563 3842 671 3900 rectus
872 3838 1015 3918 requiem
1038 3836 1240 3917 perentibus,
1408 3834 1449 3895 35

155 3951 187 4008 et
205 3941 388 4023 modestus,
412 3939 680 4021 circumspectus,
871 3941 956 4002 uotis
979 3947 1012 4001 et
1035 3938 1192 4001 affinibus,

195 4047 316 4128 dulcis,
340 4041 495 4124 blandus,
518 4040 661 4122 sobrius,
737 4041 777 4101 15

192 4147 352 4211 similuttls
374 4144 518 4224 nescius,
831 4127 891 4204 Qui
914 4126 1056 4189 sublimis
1079 4125 1167 4189 oelsu
1190 4123 1269 4186 sede

831 4230 934 4294 fuctus
957 4227 1065 4307 nimis,
1090 4225 1272 4307 intercede,

151 4336 324 4418 llruditus,
347 4353 477 4418 semper
495 4341 609 4416 gratus
874 4352 924 4415 es,
946 4353 1007 4416 per
1030 4331 1083 4395 dei
1105 4330 1203 4394 filium

151 4447 184 4505 et
207 4441 347 4506 munitus
370 4447 404 4502 et
427 4445 560 4503 ornatus
872 4454 934 4520 pro
957 4435 1061 4498 salute
1085 4433 1230 4498 omnium.
1411 4432 1453 4496 to

192 4541 313 4605 divinis
336 4539 492 4621 eloquiis,

193 4642 300 4706 gaoris
324 4639 500 4706 beneficiis,
735 4637 777 4700 20
831 4625 899 4689 Nos
922 4624 1070 4689 contorte
1093 4640 1152 4687 nos
1176 4638 1340 4702 enormes,

831 4734 864 4790 et
886 4734 1019 4810 reporta
1041 4736 1075 4789 et
1096 4724 1253 4788 reformes

151 4831 264 4901 corte
287 4830 450 4915 prudeus,
472 4831 589 4894 malum
612 4828 744 4911 uolens,
875 4847 988 4894 munus
1010 4827 1221 4909 indulgentiae

150 4957 248 5004 omne
271 4935 424 5017 studens,
447 4932 542 4998 deum
565 4932 676 4999 colens
876 4932 919 4998 ad
941 4939 1058 4996 statum
1076 4930 1220 5013 justitiae.

239 5116 449 5188 Strnssburger
466 5117 513 5172 tls.
528 5116 561 5171 K
578 5118 639 5171 316.
659 5117 702 5171 Bl
723 5118 782 5170 155.
803 5117 837 5169 15
854 5114 952 5170 Jahrb.

240 5239 294 5294 Die
312 5239 513 5298 construction
531 5239 623 5296 dieses
641 5238 740 5294 liedes
757 5239 796 5293 ist
813 5239 859 5292 hie
878 5237 934 5291 und
952 5237 989 5290 do
1007 5248 1196 5306 gonwuugeu:
1215 5233 1233 5285 6
1251 5235 1283 5284 υ1
1296 5227 1389 5298 quiete
1408 5208 1463 5297 go-n

151 5329 219 5386 hort
236 5342 276 5381 nu
293 5327 319 5382 8.
354 5329 381 5382 9.
401 5326 436 5381 td
459 5325 496 5382 dn
517 5325 604 5382 menti
627 5325 757 5398 possenti
781 5325 885 5397 gehort
909 5336 1074 5378 zusammen
1111 5323 1144 5372 11
1169 5316 1257 5372 istiu
1281 5314 1332 5373 dor
1355 5313 1403 5370 lls.
1423 5315 1458 5368 12
