3250 6517
151 1109 316 1173 veturium
334 1114 436 1172 Lieder
458 1112 512 1172 ruf
524 1115 601 1172 dieue
619 1114 733 1190 sseiltge
755 1119 784 1174 in
803 1119 882 1175 einer
898 1116 1018 1174 Wiener
1037 1119 1085 1175 lle.
1109 1116 1158 1174 tien
1177 1120 1211 1174 15
1228 1120 1331 1176 Jahrb.

151 1203 461 1260 immacutatum.
479 1202 599 1259 vindob.
619 1203 683 1260 Vel.
701 1208 728 1273 ²,
745 1222 773 1276 p.
790 1209 808 1261 2
826 1220 876 1278 ug.
895 1208 971 1261 1775.
991 1205 1047 1261 und
1065 1207 1190 1263 enhmibt
1207 1207 1249 1263 eie
1266 1208 1329 1265 (iem

151 1290 199 1349 ref
217 1291 322 1365 Birger
339 1308 395 1348 ven
412 1291 519 1363 Upsnla
536 1307 580 1346 zu.
617 1293 674 1348 Bne
692 1299 769 1348 erute
787 1294 919 1367 begiuut:

151 1394 266 1469 tingite»
283 1395 382 1452 matria
399 1395 504 1450 inclita
803 1394 879 1453 festa
892 1399 1020 1472 ¹incuria
1037 1400 1149 1471 suscipe
1167 1404 1222 1456 ete.

151 1551 173 1590 m
190 1533 296 1590 andere
314 1534 426 1589 beeteht
443 1534 472 1587 in
491 1537 508 1587 7
526 1533 642 1588 Theiien
660 1536 716 1592 und
734 1534 818 1608 iaugt
835 1552 885 1592 an:

151 1640 221 1694 nive
239 1639 325 1694 denus
343 1636 525 1707 feminarum,
802 1656 913 1712 gemma
929 1639 1024 1696 laeena
1042 1647 1240 1697 matronarum.

151 1794 218 1832 eeer
241 1776 413 1835 linbieehoi'
435 1780 485 1833 hat
510 1780 582 1833 auth
605 1778 656 1834 dae
681 1779 774 1834 Leben
799 1777 850 1832 der
868 1778 894 1832 iu
912 1777 1037 1849 Birgitta
1054 1779 1253 1847 beeehriebeu,
1284 1781 1327 1836 aie

151 1868 202 1921 tta.
238 1867 319 1922 Nuch
343 1867 387 1920 ein
415 1866 534 1921 anderen
557 1867 625 1922 Lied
651 1865 704 1923 auf
724 1867 766 1922 aie
789 1868 867 1923 steht
884 1867 912 1920 in
930 1866 984 1920 den
1000 1867 1061 1920 Act.
1081 1865 1132 1920 SS·
1153 1866 1212 1921 Oct
1229 1869 1255 1933 t,
1273 1868 1327 1921 483

151 1950 301 2026 insang:
331 1952 403 2008 coeli
420 1958 557 2024 perornat
574 1954 686 2025 gaudia.
722 1954 773 2008 Ein
793 1954 928 2009 weiteree
946 1953 974 2006 in
993 1954 1027 2005 17
1045 1951 1228 2024 dreineiiigen
1245 1951 1327 2008 Stre-
1404 1941 1408 1950 ’

151 2037 337 2096 ‚Sueritieaie
356 2040 551 2097 itinerantium.
571 2041 741 2112 Oppenheim
761 2044 838 2096 1521.
858 2040 908 2098 sol.
927 2042 969 2094 56.
991 2039 1045 2095 und
1063 2037 1147 2111 {inst
1164 2056 1198 2095 ee
1216 2055 1265 2095 aa:
1284 2040 1327 2098 lu·

151 2127 336 2183 nrantiienae.

459 2435 546 2509 860.
582 2437 640 2507 De
665 2461 692 2507 s.
716 2433 878 2535 Brigida.

151 2674 293 2719 vernans
316 2675 393 2720 rosa
702 2654 760 2720 sed
783 2663 819 2720 ut
840 2654 921 2719 flore
943 2655 1107 2737 pudicitiae
1127 2713 1132 2722 .
1283 2658 1326 2720 25

151 2759 250 2822 ῑΙιήεῑὶ
272 2761 436 2842 speciosa,
702 2777 742 2822 aa
763 2755 871 2821 mundi
894 2757 1001 2821 cordis
1025 2776 1125 2841 opere

151 2870 177 2923 et
200 2868 324 2943 martyr
341 2859 494 2943 Brigida,
702 2878 780 2925 caro
802 2879 875 2923 mea
897 2858 1065 2942 refloreat,

151 2984 239 3027 mma
261 2963 387 3046 lueida,
701 2981 762 3028 nec
784 2963 817 3026 in
839 2970 996 3027 aeteruum
1017 2973 1141 3047 pereat

151 3103 302 3164 meierum
324 3100 358 3165 in
379 3104 502 3167 rotario
630 3105 649 3162 5

151 3205 179 3266 ut
200 3201 249 3266 rot
267 3204 302 3266 in
319 3201 399 3282 titio,

151 3307 192 3369 ali
214 3305 361 3389 gaudena
384 3307 525 3373 thalamo

151 3418 227 3473 nota
251 3409 304 3474 dei
324 3410 401 3475 filie.

701 3150 728 3215 0
751 3153 847 3235 virge
869 3157 983 3217 sancta
1006 3151 1159 3236 Brigida,

700 3276 761 3340 per
782 3256 895 3320 mortis
917 3265 981 3321 tuae
1003 3257 1118 3322 merita
1281 3258 1324 3322 ³0

700 3359 751 3422 fer
772 3357 891 3422 misero
914 3358 1084 3441 tutamina,

701 3462 809 3526 etiae
830 3481 891 3544 per
913 3469 968 3526 tua
990 3462 1148 3546 suffragia

151 3619 214 3664 rum
238 3599 308 3664 aine
330 3600 455 3664 macula
700 3617 751 3662 me
774 3618 815 3662 ex
837 3598 903 3664 fide
926 3601 1039 3665 vivere

151 3701 195 3766 ali
219 3703 326 3766 tuniea
606 3705 647 3769 10
700 3709 734 3764 et
756 3720 911 3767 nummum
932 3705 1052 3768 bonum
1074 3723 1240 3786 quaerere,

156 3805 303 3888 sequeris
325 3806 357 3868 in
380 3805 500 3887 gioria,
699 3822 871 3887 perspem
894 3804 1024 3870 adalta
1047 3804 1198 3889 tendere,
1280 3807 1322 3870 55

151 3907 242 3974 audo
263 3907 361 3973 laude
383 3908 496 3991 digna,
701 3908 734 3971 iu
756 3906 806 3971 his
830 3916 930 3974 totum
952 3910 1129 3991 quieeeere.

151 4013 217 4078 nihi
237 4011 377 4098 pacifica

151 4124 240 4180 atum
263 4115 413 4195 meliora,
700 4094 791 4162 Audi
812 4117 863 4161 ΜΒ
886 4098 1053 4179 misum>

698 4208 837 4284 protege
860 4209 947 4264 tuum
970 4200 1135 4285 famulum,

160 4324 252 4371 reum
273 4324 314 4370 ae
336 4305 499 4386 miserum,
607 4308 647 4366 15
699 4304 792 4369 aufer
813 4322 942 4369 aeneum
965 4322 1159 4390 amaneum,

151 4407 308 4487 alienum,
698 4424 778 4470 sana
801 4423 859 4472 eor
880 4407 965 4471 male
987 4408 1147 4492 nautium,
1279 4410 1321 4476 50

151 4510 222 4574 >atis
243 4509 384 4592 pesitum
540 4509 543 4515 ’

151 4613 179 4676 is
205 4613 281 4678 boni
302 4631 453 4693 vaenum,

698 4546 873 4610 liberante
897 4548 939 4611 ab
962 4546 1085 4612 aemulis

699 4656 731 4712 et
753 4668 773 4712 a
794 4650 918 4714 eunetis
940 4651 1093 4734 perieulis

151 4769 209 4835 pre
232 4767 348 4814 cruore
370 4767 468 4813 roseo
698 4753 812 4816 animae
839 4762 873 4817 et
896 4755 1059 4838 nemoris,

151 4873 202 4920 rre
224 4855 404 4937 sanguineo
699 4872 843 4920 exonera
865 4876 886 4920 a
908 4857 1088 4938 quantitate
1111 4858 1261 4941 criminis,

151 4976 255 5043 agone
278 4959 375 5022 nimio

151 5071 203 5128 m
226 5062 337 5126 ultimo
698 4993 748 5056 ier
769 4994 846 5057 mihi
861 4993 1030 5079 juvamina
1280 4996 1322 5059 45

697 5091 759 5180 per
777 5099 939 5180 passionis
961 5118 1080 5182 aspera
1087 5149 1097 5184 ,

151 5206 244 5262 :tam
267 5197 411 5281 miriiiee,
698 5199 812 5265 adeste
835 5200 910 5265 mihi
933 5204 1075 5285 propitia

151 5309 191 5366 iat
214 5301 323 5385 perire
345 5301 485 5385 lubrice,
698 5322 783 5369 nune
805 5312 840 5369 et
860 5305 892 5369 in
913 5306 1138 5471 morfiwm
