3250 6517
475 1271 584 1347 1163.
623 1274 681 1345 Ile
706 1272 906 1347 inventione
933 1297 962 1344 s.
986 1269 1169 1370 Stepbnni.

171 1479 259 1547 Deus
282 1480 433 1564 deorum,
456 1479 597 1565 domine,

172 1602 233 1646 rex
255 1583 462 1666 sempiternce
484 1582 617 1666 glorie,

171 1705 233 1749 rex
254 1686 446 1751 invictorum
469 1687 616 1769 militum,

172 1807 303 1854 carmen
326 1790 443 1857 exandi
465 1791 654 1875 supplicum.

173 1953 277 2019 'l'erra
299 1961 415 2036 tegens
438 1953 662 2020 absconditum
775 1955 795 2014 5

174 2057 277 2123 dulcis
301 2056 445 2121 thesauri
466 2058 623 2141 pretium,

172 2159 304 2223 invento
327 2167 570 2242 protomartyre

171 2260 290 2327 mundo
313 2262 421 2325 reddit
443 2281 534 2345 spem
556 2260 680 2344 gloriae.

171 2421 290 2488 Omnes
312 2422 431 2488 devote
454 2430 614 2505 martyres

170 2523 301 2590 laudate
323 2530 617 2608 protomartyrem,
754 2519 794 2583 10

168 2627 288 2692 vestris
310 2626 427 2710 dignus
450 2635 483 2692 et
504 2626 668 2706 laudibus,

169 2729 272 2795 vestri
294 2729 359 2796 dux
382 2730 460 2795 belli
482 2729 632 2813 previus.

169 2894 316 2961 Donatur
337 2895 460 2980 primus
482 2891 594 2959 lauret
716 2890 717 2895 ’

168 2997 203 3061 in
225 2998 296 3064 acie
320 2997 495 3079 dominica,

171 3119 266 3183 quem
287 3110 485 3184 prostratum
508 3099 670 3185 lapidibus
752 3099 791 3160 15

169 3201 223 3267 dei
245 3203 421 3286 assumpsit
442 3200 536 3266 filius.

847 1475 923 1541 lam
945 1481 1168 1561 protomartyr
1189 1472 1371 1563 Stepbane,

848 1600 966 1666 preces
988 1581 1126 1648 devotas
1148 1583 1278 1669 accipe,

848 1685 965 1766 quibus
986 1703 1049 1768 per
1070 1691 1103 1751 te
1125 1703 1186 1751 nos
1209 1704 1387 1769 quaesumus

848 1788 913 1854 deo
932 1789 1061 1875 placeri
1082 1790 1218 1856 ooelitus
1415 1789 1445 1853 bl

848 1950 949 2032 Quem
972 1971 1034 2038 pro
1052 1954 1319 2039 persecutonbns

848 2055 1044 2122 exaudiebat
1069 2056 1233 2142 dominus,

848 2165 882 2222 et
903 2175 965 2242 pro
987 2157 1050 2222 tuis
1072 2159 1275 2245 supplicibus

847 2259 1000 2326 exaudiet
1021 2261 1192 2345 propitius.

846 2421 979 2507 Vosque
997 2423 1113 2510 juncto
1134 2423 1331 2511 ltrcodemo,
1413 2424 1441 2486 tt

847 2525 1004 2592 Gamaliel
1027 2536 1061 2593 et
1082 2526 1214 2611 Abibo,

846 2645 908 2712 pro
930 2627 995 2692 fine
1018 2628 1088 2695 sine
1110 2631 1302 2696 excessibus

845 2727 943 2794 finem
964 2747 1031 2794 non
1053 2728 1130 2795 dato
1152 2731 1316 2814 precibus

846 2890 978 2960 Summo
1001 2896 1129 2979 parenti
1151 2897 1260 2980 gloria

845 3006 986 3082 natoque
1009 2999 1080 3065 laus
1103 3019 1199 3084 qnam
1221 2999 1360 3067 maxima
1413 2995 1443 3061 31

846 3119 918 3166 eum
941 3109 1055 3168 sancto
1078 3103 1119 3167 sit
1140 3103 1316 3187 spiramine

845 3221 931 3268 nunc
953 3210 986 3267 et
1001 3223 1069 3287 ¹per
1091 3221 1187 3268 omne
1208 3204 1367 3272 ancolim

256 3385 512 3442 11111111111111
535 3386 718 3442 0111111115.
742 3384 960 3441 1111111111.
985 3389 1058 3457 (A),
1096 3387 1141 3444 bei
1167 3388 1250 3446 111511
1277 3386 1299 3445 i
1328 3390 1381 3462 (B)
1406 3382 1449 3440 nul

168 3471 266 3528 Daniel
283 3476 306 3541 1,
323 3474 377 3528 281
394 3474 459 3544 (D).
494 3474 622 3530 Breviar.
640 3474 785 3530 Constant.
801 3488 859 3529 ron
878 3476 956 3529 1195.
974 3473 994 3531 f.
1010 3479 1062 3531 351
1082 3477 1144 3547 (Ε)

257 3599 403 3652 1tuorum
420 3594 441 3652 f.
458 3598 536 3653 deor.
554 3599 588 3652 1
615 3595 820 3653 3inrictorum
837 3613 919 3667 quam
936 3598 968 3667 Ε,
986 3598 1087 3654 besser
1104 3630 1136 3642 —
1152 3615 1215 3670 que.
1242 3592 1449 3655 sumnus

168 3683 315 3755 Ogmtie
345 3684 399 3739 BD.
454 3686 470 3739 9
497 3684 593 3740 devoti
620 3683 698 3739 BDll.
752 3686 786 3738 11
812 3684 965 3755 assumpsit
991 3685 1037 3740 dei
1060 3681 1136 3740 tilius
1153 3686 1185 3740 Ε.
1241 3687 1276 3741 13
1294 3680 1449 3758 mutire

169 3772 276 3826 13-16
294 3768 389 3827 feblen
407 3772 437 3827 Ε.
474 3774 509 3827 ts
526 3772 676 3842 querimus
693 3770 724 3826 Ε.
759 3772 795 3825 23
814 3771 872 3826 suis
890 3773 921 3840 Ε,
939 3772 1101 3843 propiccius
1119 3771 1277 3843 supplicius
1295 3775 1329 3828 1
1362 3766 1450 3826 15-11

168 3855 264 3913 feblen
282 3859 312 3913 Ε.
347 3859 508 3914 connitor
522 3858 604 3914 ΑΕΒ.
638 3860 675 3912 17
692 3874 746 3930 pro
760 3857 859 3929 populi
873 3859 1033 3914 excessibus
1052 3858 1107 3914 Bb.
1142 3860 1179 3914 29
1192 3858 1247 3915 den
1260 3852 1449 3930 putrietcdb

167 3947 202 4001 31
221 3946 333 4002 besser:
353 3947 502 4018 paraclite.
539 3949 574 4002 32
591 3948 705 4002 besses:
724 3946 753 4001 in
769 3946 844 4002 omni
861 3946 976 4002 saeculo.

255 4087 388 4144 llinnelne
402 4089 546 4160 Stropben
565 4088 657 4143 dieses
670 4086 770 4143 Liedes
789 4086 905 4142 wurden
923 4088 995 4144 anch
1010 4086 1183 4157 1111111111,
1201 4102 1249 4142 ιι
1266 4086 1371 4145 ders·
1384 4083 1446 4141 tin

168 4174 293 4247 Hymnus
311 4174 366 4232 auf
379 4177 436 4233 elle
453 4177 583 4250 lleiligen
601 4194 636 4232 nu
653 4174 776 4232 macben.
812 4176 843 4233 S.
861 4176 935 4231 oben
953 4176 982 4233 S.
1001 4177 1042 4233 18„

360 4480 469 4554 1164.
503 4436 561 4552 lle
587 4480 835 4551 inventiones.
859 4474 1039 4576 Stephani.
1074 4479 1273 4576 sequentia.

165 4674 356 4747 Exultemus
379 4686 413 4743 et
434 4679 602 4746 laetemuur

165 4800 207 4851 ao
227 4782 261 4849 in
284 4781 347 4847 deo
370 4782 562 4867 gloriemur,

208 4884 264 4968 qni
285 4897 337 4950 est
358 4903 439 4951 vera
460 4884 585 4968 gloria,

165 5020 231 5113 l’er
248 5066 343 5130 quem
365 5049 460 5115 nobis
481 5055 557 5116 sunt
578 5049 668 5119 beati

164 5147 232 5229 liat>⁴
249 5149 283 5214 in
304 5150 358 5216 die
380 5154 518 5219 revelati
767 5154 787 5217 5

205 5252 310 5319 sancti
331 5255 429 5338 plena
451 5257 578 5342 gratia,

841 4673 886 4744 Ut
906 4696 967 4761 per
987 4694 1046 4742 eos
1067 4682 1246 4742 renovetur

841 4780 938 4846 bomo
958 4786 1053 4845 vetus
1075 4786 1109 4844 et
1130 4778 1291 4847 formetur

884 4883 919 4948 in
940 4881 1093 4949 cordibus
1115 4881 1256 4966 caritas,
1361 4939 1364 4947 .

840 5043 885 5113 Et
904 5063 958 5111 ve
981 5041 1102 5128 duplex
1124 5040 1292 5128 delentur,
1412 5032 1441 5101 11

840 5165 917 5215 rore
939 5149 1012 5214 coeli
1034 5155 1274 5232 conspergatur

884 5264 1005 5321 nostrae
1026 5263 1124 5320 terrae
1148 5255 1290 5321 siccitas.
