<?xml version="1.0" encoding="UTF-8"?>
<!DOCTYPE html PUBLIC "-//W3C//DTD XHTML 1.0 Transitional//EN"
    "http://www.w3.org/TR/xhtml1/DTD/xhtml1-transitional.dtd">
<html xmlns="http://www.w3.org/1999/xhtml" xml:lang="en" lang="en">
 <head>
  <title>
</title>
<meta http-equiv="Content-Type" content="text/html;charset=utf-8" />
  <meta name='ocr-system' content='tesseract 3.04.00' />
  <meta name='ocr-capabilities' content='ocr_page ocr_carea ocr_par ocr_line ocrx_word'/>
</head>
<body>
  <div class='ocr_page' id='page_1' title='image "./lateinischehymn00monegoog/lateinischehymn00monegoog_0393.png"; bbox 0 0 3250 6517; ppageno 0'>
   <div class='ocr_carea' id='block_1_1' title="bbox 173 946 244 1009">
    <p class='ocr_par' dir='ltr' id='par_1_1' title="bbox 173 946 244 1009">
     <span class='ocr_line' id='line_1_1' title="bbox 173 946 244 1009; baseline -0.028 1"><span class='ocrx_word' id='word_1_1' title='bbox 173 946 244 1009; x_wconf 75' lang='lat'><strong>382</strong></span> 
     </span>
    </p>
   </div>
   <div class='ocr_carea' id='block_1_2' title="bbox 173 1125 1356 1418">
    <p class='ocr_par' dir='ltr' id='par_1_2' title="bbox 173 1125 1356 1418">
     <span class='ocr_line' id='line_1_2' title="bbox 173 1125 1327 1224; baseline 0.002 -27"><span class='ocrx_word' id='word_1_2' title='bbox 173 1137 202 1199; x_wconf 79' lang='lat'><strong>2.</strong></span> <span class='ocrx_word' id='word_1_3' title='bbox 235 1131 327 1211; x_wconf 76' lang='lat' dir='ltr'><strong>Quod</strong></span> <span class='ocrx_word' id='word_1_4' title='bbox 334 1130 794 1216; x_wconf 73' lang='lat' dir='ltr'><strong>jamdudumproesignavit5</strong></span> <span class='ocrx_word' id='word_1_5' title='bbox 848 1133 878 1194; x_wconf 77' lang='lat'><strong>7.</strong></span> <span class='ocrx_word' id='word_1_6' title='bbox 910 1125 998 1224; x_wconf 71' lang='lat' dir='ltr'><strong>(iuri</strong></span> <span class='ocrx_word' id='word_1_7' title='bbox 1020 1126 1149 1211; x_wconf 77' lang='lat' dir='ltr'><strong>quidem</strong></span> <span class='ocrx_word' id='word_1_8' title='bbox 1170 1129 1327 1198; x_wconf 78' lang='lat' dir='ltr'><strong>bonitatis</strong></span> 
     </span>
     <span class='ocr_line' id='line_1_3' title="bbox 238 1229 1241 1318; baseline 0 -19"><span class='ocrx_word' id='word_1_9' title='bbox 238 1237 292 1318; x_wconf 88' lang='lat' dir='ltr'><strong>qni</strong></span> <span class='ocrx_word' id='word_1_10' title='bbox 314 1243 381 1299; x_wconf 85' lang='lat' dir='ltr'><strong>tres</strong></span> <span class='ocrx_word' id='word_1_11' title='bbox 403 1233 519 1297; x_wconf 87' lang='lat' dir='ltr'><strong>videns</strong></span> <span class='ocrx_word' id='word_1_12' title='bbox 541 1232 692 1298; x_wconf 86' lang='lat' dir='ltr'><strong>adoravit</strong></span> <span class='ocrx_word' id='word_1_13' title='bbox 912 1239 947 1296; x_wconf 86' lang='lat' dir='ltr'><strong>ot</strong></span> <span class='ocrx_word' id='word_1_14' title='bbox 968 1229 1087 1296; x_wconf 83' lang='lat' dir='ltr'><strong>divinae</strong></span> <span class='ocrx_word' id='word_1_15' title='bbox 1108 1232 1241 1316; x_wconf 77' lang='lat' dir='ltr'><strong>pietatis</strong></span> 
     </span>
     <span class='ocr_line' id='line_1_4' title="bbox 275 1332 1356 1418; baseline 0.001 -16"><span class='ocrx_word' id='word_1_16' title='bbox 275 1337 462 1418; x_wconf 80' lang='lat' dir='ltr'><strong>monadem,</strong></span> <span class='ocrx_word' id='word_1_17' title='bbox 913 1332 947 1396; x_wconf 93' lang='lat' dir='ltr'><strong>in</strong></span> <span class='ocrx_word' id='word_1_18' title='bbox 968 1332 1131 1398; x_wconf 87' lang='lat' dir='ltr'><strong>mittendis</strong></span> <span class='ocrx_word' id='word_1_19' title='bbox 1153 1334 1257 1400; x_wconf 83' lang='lat' dir='ltr'><strong>tribus</strong></span> <span class='ocrx_word' id='word_1_20' title='bbox 1279 1336 1356 1403; x_wconf 83' lang='lat' dir='ltr'><strong>viris</strong></span> 
     </span>
    </p>
   </div>
   <div class='ocr_carea' id='block_1_3' title="bbox 236 1432 1446 1861">
    <p class='ocr_par' dir='ltr' id='par_1_3' title="bbox 236 1432 1446 1759">
     <span class='ocr_line' id='line_1_5' title="bbox 236 1432 1262 1539; baseline -0.001 0"><span class='ocrx_word' id='word_1_21' title='bbox 236 1475 273 1539; x_wconf 92' lang='lat' dir='ltr'><strong>ln</strong></span> <span class='ocrx_word' id='word_1_22' title='bbox 295 1474 429 1538; x_wconf 80' lang='lat' dir='ltr'><strong>tornare</strong></span> <span class='ocrx_word' id='word_1_23' title='bbox 453 1481 520 1536; x_wconf 89' lang='lat' dir='ltr'><strong>tres</strong></span> <span class='ocrx_word' id='word_1_24' title='bbox 542 1473 652 1538; x_wconf 77' lang='lat' dir='ltr'><strong>intacti</strong></span> <span class='ocrx_word' id='word_1_25' title='bbox 952 1432 994 1500; x_wconf 62' lang='lat' dir='ltr'><strong>ad</strong></span> <span class='ocrx_word' id='word_1_26' title='bbox 1017 1451 1078 1499; x_wconf 76' lang='lat'><strong>¹¹⁰⁸</strong></span> <span class='ocrx_word' id='word_1_27' title='bbox 1099 1433 1262 1518; x_wconf 46' lang='lat' dir='ltr'><strong>‘mmm</strong></span> 
     </span>
     <span class='ocr_line' id='line_1_6' title="bbox 236 1571 1446 1658; baseline 0.001 -20"><span class='ocrx_word' id='word_1_28' title='bbox 236 1584 440 1641; x_wconf 82' lang='lat' dir='ltr'><strong>sacramenta</strong></span> <span class='ocrx_word' id='word_1_29' title='bbox 462 1584 536 1641; x_wconf 88' lang='lat' dir='ltr'><strong>sunt</strong></span> <span class='ocrx_word' id='word_1_30' title='bbox 558 1575 669 1658; x_wconf 81' lang='lat' dir='ltr'>adepti</span> <span class='ocrx_word' id='word_1_31' title='bbox 914 1571 1003 1636; x_wconf 84' lang='lat' dir='ltr'>Odor</span> <span class='ocrx_word' id='word_1_32' title='bbox 1018 1575 1395 1656; x_wconf 81' lang='lat' dir='ltr'><strong>qnorumonmdootrinn</strong></span> <span class='ocrx_word' id='word_1_33' title='bbox 1414 1578 1446 1640; x_wconf 82' lang='grc'><strong>15</strong></span> 
     </span>
     <span class='ocr_line' id='line_1_7' title="bbox 275 1678 1372 1759; baseline 0 -14"><span class='ocrx_word' id='word_1_34' title='bbox 275 1679 399 1745; x_wconf 85' lang='lat' dir='ltr'><strong>eadem.</strong></span> <span class='ocrx_word' id='word_1_35' title='bbox 754 1681 794 1745; x_wconf 91' lang='lat' dir='ltr'><strong>1o</strong></span> <span class='ocrx_word' id='word_1_36' title='bbox 912 1684 978 1739; x_wconf 89' lang='lat' dir='ltr'><strong>tam</strong></span> <span class='ocrx_word' id='word_1_37' title='bbox 999 1684 1126 1742; x_wconf 90' lang='lat' dir='ltr'><strong>remota</strong></span> <span class='ocrx_word' id='word_1_38' title='bbox 1147 1696 1245 1759; x_wconf 84' lang='lat' dir='ltr'><strong>qnam</strong></span> <span class='ocrx_word' id='word_1_39' title='bbox 1267 1678 1372 1746; x_wconf 83' lang='lat' dir='ltr'><strong>vioinu</strong></span> 
     </span>
    </p>

    <p class='ocr_par' dir='ltr' id='par_1_4' title="bbox 912 1778 1305 1861">
     <span class='ocr_line' id='line_1_8' title="bbox 912 1778 1305 1861; baseline 0.013 -20"><span class='ocrx_word' id='word_1_40' title='bbox 912 1778 1019 1861; x_wconf 85' lang='lat' dir='ltr'><strong>replet</strong></span> <span class='ocrx_word' id='word_1_41' title='bbox 1039 1779 1114 1844; x_wconf 88' lang='lat' dir='ltr'><strong>looa</strong></span> <span class='ocrx_word' id='word_1_42' title='bbox 1136 1788 1170 1843; x_wconf 86' lang='lat' dir='ltr'><strong>et</strong></span> <span class='ocrx_word' id='word_1_43' title='bbox 1192 1779 1305 1846; x_wconf 68' lang='lat' dir='ltr'><strong>divini</strong></span> 
     </span>
    </p>
   </div>
   <div class='ocr_carea' id='block_1_4' title="bbox 171 1881 1195 2187">
    <p class='ocr_par' dir='ltr' id='par_1_5' title="bbox 171 1881 1195 2187">
     <span class='ocr_line' id='line_1_9' title="bbox 171 1881 1195 1979; baseline -0.003 -21"><span class='ocrx_word' id='word_1_44' title='bbox 171 1896 201 1956; x_wconf 87' lang='lat'><strong>3.</strong></span> <span class='ocrx_word' id='word_1_45' title='bbox 236 1893 261 1957; x_wconf 91' lang='lat'>0</span> <span class='ocrx_word' id='word_1_46' title='bbox 285 1915 379 1977; x_wconf 87' lang='lat' dir='ltr'><strong>quam</strong></span> <span class='ocrx_word' id='word_1_47' title='bbox 401 1897 482 1960; x_wconf 88' lang='lat' dir='ltr'><strong>mira</strong></span> <span class='ocrx_word' id='word_1_48' title='bbox 504 1897 606 1960; x_wconf 88' lang='lat' dir='ltr'><strong>virtus</strong></span> <span class='ocrx_word' id='word_1_49' title='bbox 630 1895 699 1979; x_wconf 85' lang='lat' dir='ltr'><strong>dei,</strong></span> <span class='ocrx_word' id='word_1_50' title='bbox 955 1899 1020 1965; x_wconf 77' lang='lat' dir='ltr'><strong>⁰p0</strong></span> <span class='ocrx_word' id='word_1_51' title='bbox 1041 1881 1195 1949; x_wconf 52' lang='lat' dir='ltr'><strong>adhibiti,</strong></span> 
     </span>
     <span class='ocr_line' id='line_1_10' title="bbox 238 2000 746 2084; baseline 0 -20"><span class='ocrx_word' id='word_1_52' title='bbox 238 2018 311 2080; x_wconf 83' lang='lat' dir='ltr'><strong>qnae</strong></span> <span class='ocrx_word' id='word_1_53' title='bbox 334 2018 393 2064; x_wconf 87' lang='lat' dir='ltr'><strong>nos</strong></span> <span class='ocrx_word' id='word_1_54' title='bbox 417 2008 524 2064; x_wconf 84' lang='lat' dir='ltr'><strong>oertos</strong></span> <span class='ocrx_word' id='word_1_55' title='bbox 546 2000 654 2064; x_wconf 85' lang='lat' dir='ltr'><strong>reddit</strong></span> <span class='ocrx_word' id='word_1_56' title='bbox 675 2000 746 2084; x_wconf 87' lang='lat' dir='ltr'><strong>spei</strong></span> 
     </span>
     <span class='ocr_line' id='line_1_11' title="bbox 236 2108 518 2187; baseline 0.007 -20"><span class='ocrx_word' id='word_1_57' title='bbox 236 2125 297 2187; x_wconf 82' lang='lat' dir='ltr'><strong>por</strong></span> <span class='ocrx_word' id='word_1_58' title='bbox 320 2114 386 2169; x_wconf 90' lang='lat' dir='ltr'><strong>tros</strong></span> <span class='ocrx_word' id='word_1_59' title='bbox 408 2108 518 2187; x_wconf 63' lang='lat' dir='ltr'><strong>virm,</strong></span> 
     </span>
    </p>
   </div>
   <div class='ocr_carea' id='block_1_5' title="bbox 236 2207 791 2380">
    <p class='ocr_par' dir='ltr' id='par_1_6' title="bbox 236 2207 791 2380">
     <span class='ocr_line' id='line_1_12' title="bbox 236 2207 561 2291; baseline 0.003 -19"><span class='ocrx_word' id='word_1_60' title='bbox 236 2207 279 2272; x_wconf 89' lang='lat' dir='ltr'><strong>ad</strong></span> <span class='ocrx_word' id='word_1_61' title='bbox 302 2228 458 2290; x_wconf 83' lang='lat' dir='ltr'><strong>quereum</strong></span> <span class='ocrx_word' id='word_1_62' title='bbox 480 2229 561 2291; x_wconf 91' lang='lat' dir='ltr'><strong>quos</strong></span> 
     </span>
     <span class='ocr_line' id='line_1_13' title="bbox 237 2309 791 2380; baseline 0.013 -7"><span class='ocrx_word' id='word_1_63' title='bbox 237 2309 368 2376; x_wconf 82' lang='lat' dir='ltr'><strong>Thabor</strong></span> <span class='ocrx_word' id='word_1_64' title='bbox 381 2312 484 2376; x_wconf 81' lang='lat' dir='ltr'><strong>fertur</strong></span> <span class='ocrx_word' id='word_1_65' title='bbox 499 2314 731 2379; x_wconf 80' lang='lat' dir='ltr'><strong>transmisisse:</strong></span> <span class='ocrx_word' id='word_1_66' title='bbox 752 2317 791 2380; x_wconf 83' lang='lat'><strong>15</strong></span> 
     </span>
    </p>
   </div>
   <div class='ocr_carea' id='block_1_6' title="bbox 846 2075 1444 2364">
    <p class='ocr_par' dir='ltr' id='par_1_7' title="bbox 846 2075 1444 2364">
     <span class='ocr_line' id='line_1_14' title="bbox 846 2075 1361 2159; baseline 0.002 -17"><span class='ocrx_word' id='word_1_67' title='bbox 846 2081 876 2142; x_wconf 90' lang='grc'><strong>8.</strong></span> <span class='ocrx_word' id='word_1_68' title='bbox 907 2075 1021 2142; x_wconf 86' lang='lat' dir='ltr'><strong>Laude</strong></span> <span class='ocrx_word' id='word_1_69' title='bbox 1044 2076 1143 2159; x_wconf 79' lang='lat' dir='ltr'><strong>digna</strong></span> <span class='ocrx_word' id='word_1_70' title='bbox 1164 2085 1361 2143; x_wconf 83' lang='lat' dir='ltr'><strong>venerantur</strong></span> 
     </span>
     <span class='ocr_line' id='line_1_15' title="bbox 911 2178 1444 2246; baseline -0.009 -2"><span class='ocrx_word' id='word_1_71' title='bbox 911 2188 945 2244; x_wconf 90' lang='lat' dir='ltr'><strong>et</strong></span> <span class='ocrx_word' id='word_1_72' title='bbox 967 2198 1078 2244; x_wconf 88' lang='lat' dir='ltr'><strong>eornm</strong></span> <span class='ocrx_word' id='word_1_73' title='bbox 1101 2179 1310 2246; x_wconf 73' lang='lat' dir='ltr'><strong>celebrantur</strong></span> <span class='ocrx_word' id='word_1_74' title='bbox 1414 2178 1444 2239; x_wconf 80' lang='grc'><strong>51</strong></span> 
     </span>
     <span class='ocr_line' id='line_1_16' title="bbox 911 2281 1287 2364; baseline 0.005 -20"><span class='ocrx_word' id='word_1_75' title='bbox 911 2289 1020 2364; x_wconf 85' lang='lat' dir='ltr'><strong>gesta,</strong></span> <span class='ocrx_word' id='word_1_76' title='bbox 1043 2281 1128 2345; x_wconf 86' lang='lat' dir='ltr'><strong>festa</strong></span> <span class='ocrx_word' id='word_1_77' title='bbox 1151 2283 1287 2346; x_wconf 89' lang='lat' dir='ltr'><strong>orientis</strong></span> 
     </span>
    </p>
   </div>
   <div class='ocr_carea' id='block_1_7' title="bbox 234 2387 1194 2534">
    <p class='ocr_par' dir='ltr' id='par_1_8' title="bbox 234 2387 1194 2534">
     <span class='ocr_line' id='line_1_17' title="bbox 234 2387 1194 2534; baseline 0 -24"><span class='ocrx_word' id='word_1_78' title='bbox 234 2445 275 2510; x_wconf 92' lang='lat' dir='ltr'><strong>Hi</strong></span> <span class='ocrx_word' id='word_1_79' title='bbox 297 2449 447 2514; x_wconf 82' lang='lat' dir='ltr'><strong>ferebant</strong></span> <span class='ocrx_word' id='word_1_80' title='bbox 470 2451 553 2515; x_wconf 90' lang='lat' dir='ltr'><strong>trina</strong></span> <span class='ocrx_word' id='word_1_81' title='bbox 576 2450 678 2534; x_wconf 90' lang='lat' dir='ltr'><strong>dona,</strong></span> <span class='ocrx_word' id='word_1_82' title='bbox 953 2409 985 2452; x_wconf 72' lang='lat' dir='ltr'>m</span> <span class='ocrx_word' id='word_1_83' title='bbox 1009 2387 1166 2468; x_wconf 58' lang='lat' dir='ltr'>Franffla&#39;</span> <span class='ocrx_word' id='word_1_84' title='bbox 1191 2460 1194 2467; x_wconf 84' lang='lat'>&#39;</span> 
     </span>
    </p>
   </div>
   <div class='ocr_carea' id='block_1_8' title="bbox 234 2523 1378 2718">
    <p class='ocr_par' dir='ltr' id='par_1_9' title="bbox 234 2523 1378 2718">
     <span class='ocr_line' id='line_1_18' title="bbox 235 2523 1378 2636; baseline -0.016 -30"><span class='ocrx_word' id='word_1_85' title='bbox 235 2569 296 2631; x_wconf 69' lang='lat' dir='ltr'><strong>per</strong></span> <span class='ocrx_word' id='word_1_86' title='bbox 318 2570 391 2633; x_wconf 74' lang='lat' dir='ltr'><strong>quae</strong></span> <span class='ocrx_word' id='word_1_87' title='bbox 415 2552 508 2617; x_wconf 62' lang='lat' dir='ltr'><strong>datur</strong></span> <span class='ocrx_word' id='word_1_88' title='bbox 529 2554 604 2620; x_wconf 59' lang='lat' dir='ltr'><strong>haio</strong></span> <span class='ocrx_word' id='word_1_89' title='bbox 627 2573 757 2636; x_wconf 52' lang='lat' dir='ltr'><strong>corona,</strong></span> <span class='ocrx_word' id='word_1_90' title='bbox 909 2523 1020 2590; x_wconf 86' lang='lat' dir='ltr'><strong>Aucta</strong></span> <span class='ocrx_word' id='word_1_91' title='bbox 1043 2543 1178 2607; x_wconf 89' lang='lat' dir='ltr'><strong>quorum</strong></span> <span class='ocrx_word' id='word_1_92' title='bbox 1201 2544 1245 2589; x_wconf 85' lang='lat' dir='ltr'><strong>ex</strong></span> <span class='ocrx_word' id='word_1_93' title='bbox 1267 2524 1378 2589; x_wconf 75' lang='lat' dir='ltr'><strong>devoro</strong></span> 
     </span>
     <span class='ocr_line' id='line_1_19' title="bbox 234 2625 1346 2718; baseline -0.014 -10"><span class='ocrx_word' id='word_1_94' title='bbox 234 2654 329 2716; x_wconf 76' lang='lat' dir='ltr'><strong>trinae</strong></span> <span class='ocrx_word' id='word_1_95' title='bbox 351 2654 415 2718; x_wconf 73' lang='lat' dir='ltr'><strong>viae</strong></span> <span class='ocrx_word' id='word_1_96' title='bbox 911 2637 960 2693; x_wconf 87' lang='lat' dir='ltr'><strong>est</strong></span> <span class='ocrx_word' id='word_1_97' title='bbox 982 2628 1142 2712; x_wconf 83' lang='lat' dir='ltr'><strong>praecelsa</strong></span> <span class='ocrx_word' id='word_1_98' title='bbox 1164 2635 1198 2692; x_wconf 86' lang='lat' dir='ltr'><strong>et</strong></span> <span class='ocrx_word' id='word_1_99' title='bbox 1220 2625 1346 2693; x_wconf 89' lang='lat' dir='ltr'><strong>honore</strong></span> 
     </span>
    </p>
   </div>
   <div class='ocr_carea' id='block_1_9' title="bbox 234 2725 1442 2939">
    <p class='ocr_par' dir='ltr' id='par_1_10' title="bbox 234 2725 1442 2939">
     <span class='ocr_line' id='line_1_20' title="bbox 234 2725 1442 2851; baseline -0.026 -34"><span class='ocrx_word' id='word_1_100' title='bbox 234 2763 327 2819; x_wconf 87' lang='lat' dir='ltr'><strong>rooto</strong></span> <span class='ocrx_word' id='word_1_101' title='bbox 355 2756 441 2839; x_wconf 84' lang='lat' dir='ltr'><strong>pede</strong></span> <span class='ocrx_word' id='word_1_102' title='bbox 909 2732 1095 2851; x_wconf 69' lang='lat' dir='ltr'><strong>Heroipolis</strong></span> <span class='ocrx_word' id='word_1_103' title='bbox 1119 2732 1234 2797; x_wconf 81' lang='lat' dir='ltr'><strong>civitas</strong></span> <span class='ocrx_word' id='word_1_104' title='bbox 1258 2751 1343 2797; x_wconf 83' lang='lat' dir='ltr'><strong>nuno</strong></span> <span class='ocrx_word' id='word_1_105' title='bbox 1413 2725 1442 2787; x_wconf 89' lang='grc'><strong>55</strong></span> 
     </span>
     <span class='ocr_line' id='line_1_21' title="bbox 235 2855 1074 2939; baseline -0.03 -14"><span class='ocrx_word' id='word_1_106' title='bbox 235 2856 289 2936; x_wconf 84' lang='lat' dir='ltr'><strong>qui</strong></span> <span class='ocrx_word' id='word_1_107' title='bbox 311 2859 468 2939; x_wconf 85' lang='lat' dir='ltr'><strong>probatur</strong></span> <span class='ocrx_word' id='word_1_108' title='bbox 490 2859 652 2924; x_wconf 82' lang='lat' dir='ltr'><strong>institisse.</strong></span> <span class='ocrx_word' id='word_1_109' title='bbox 750 2863 792 2925; x_wconf 85' lang='lat'><strong>20</strong></span> <span class='ocrx_word' id='word_1_110' title='bbox 948 2855 1074 2901; x_wconf 80' lang='lat' dir='ltr'><strong>eximia.</strong></span> 
     </span>
    </p>
   </div>
   <div class='ocr_carea' id='block_1_10' title="bbox 191 3049 1323 3239">
    <p class='ocr_par' dir='ltr' id='par_1_11' title="bbox 191 3049 1323 3239">
     <span class='ocr_line' id='line_1_22' title="bbox 191 3049 1262 3134; baseline -0.017 -4"><span class='ocrx_word' id='word_1_111' title='bbox 191 3117 198 3130; x_wconf 94' lang='lat'>.</span> <span class='ocrx_word' id='word_1_112' title='bbox 235 3065 347 3133; x_wconf 89' lang='lat' dir='ltr'><strong>Arbor</strong></span> <span class='ocrx_word' id='word_1_113' title='bbox 368 3069 456 3134; x_wconf 87' lang='lat' dir='ltr'><strong>diota</strong></span> <span class='ocrx_word' id='word_1_114' title='bbox 843 3054 873 3116; x_wconf 83' lang='grc'><strong>9.</strong></span> <span class='ocrx_word' id='word_1_115' title='bbox 906 3049 1080 3133; x_wconf 83' lang='lat' dir='ltr'><strong>Sanguinis</strong></span> <span class='ocrx_word' id='word_1_116' title='bbox 1103 3050 1262 3114; x_wconf 83' lang='lat' dir='ltr'><strong>effusione</strong></span> 
     </span>
     <span class='ocr_line' id='line_1_23' title="bbox 235 3156 1323 3239; baseline -0.014 -4"><span class='ocrx_word' id='word_1_117' title='bbox 235 3170 406 3235; x_wconf 79' lang='lat' dir='ltr'><strong>benedicta</strong></span> <span class='ocrx_word' id='word_1_118' title='bbox 909 3165 942 3222; x_wconf 90' lang='lat' dir='ltr'><strong>et</strong></span> <span class='ocrx_word' id='word_1_119' title='bbox 963 3157 1027 3221; x_wconf 89' lang='lat' dir='ltr'><strong>hoo</strong></span> <span class='ocrx_word' id='word_1_120' title='bbox 1048 3157 1121 3220; x_wconf 90' lang='lat' dir='ltr'><strong>looo</strong></span> <span class='ocrx_word' id='word_1_121' title='bbox 1144 3156 1323 3239; x_wconf 80' lang='lat' dir='ltr'><strong>sepulturae</strong></span> 
     </span>
    </p>
   </div>
   <div class='ocr_carea' id='block_1_11' title="bbox 235 3259 1300 3357">
    <p class='ocr_par' dir='ltr' id='par_1_12' title="bbox 235 3259 1300 3357">
     <span class='ocr_line' id='line_1_24' title="bbox 235 3259 1300 3357; baseline -0.006 -22"><span class='ocrx_word' id='word_1_122' title='bbox 235 3273 408 3337; x_wconf 87' lang='lat' dir='ltr'><strong>salvatoris</strong></span> <span class='ocrx_word' id='word_1_123' title='bbox 431 3274 600 3357; x_wconf 88' lang='lat' dir='ltr'><strong>passione,</strong></span> <span class='ocrx_word' id='word_1_124' title='bbox 907 3259 1021 3322; x_wconf 73' lang='lat' dir='ltr'><strong>h0r¹1m</strong></span> <span class='ocrx_word' id='word_1_125' title='bbox 1044 3269 1095 3322; x_wconf 69' lang='lat' dir='ltr'><strong>est</strong></span> <span class='ocrx_word' id='word_1_126' title='bbox 1116 3259 1243 3323; x_wconf 74' lang='lat' dir='ltr'><strong>famosa</strong></span> <span class='ocrx_word' id='word_1_127' title='bbox 1265 3267 1300 3322; x_wconf 75' lang='lat' dir='ltr'><strong>ot</strong></span> 
     </span>
    </p>
   </div>
   <div class='ocr_carea' id='block_1_12' title="bbox 232 3353 1445 3495">
    <p class='ocr_par' dir='ltr' id='par_1_13' title="bbox 232 3353 1445 3495">
     <span class='ocr_line' id='line_1_25' title="bbox 232 3353 1445 3495; baseline -0.046 -23"><span class='ocrx_word' id='word_1_128' title='bbox 232 3408 370 3474; x_wconf 85' lang='lat' dir='ltr'><strong>Nostras</strong></span> <span class='ocrx_word' id='word_1_129' title='bbox 393 3430 521 3495; x_wconf 68' lang='lat' dir='ltr'><strong>quoque</strong></span> <span class='ocrx_word' id='word_1_130' title='bbox 948 3360 1112 3425; x_wconf 80' lang='lat' dir='ltr'><strong>decorata.</strong></span> <span class='ocrx_word' id='word_1_131' title='bbox 1412 3353 1445 3417; x_wconf 83' lang='lat' dir='ltr'><strong>dd</strong></span> 
     </span>
    </p>
   </div>
   <div class='ocr_carea' id='block_1_13' title="bbox 232 3497 1374 3597">
    <p class='ocr_par' dir='ltr' id='par_1_14' title="bbox 232 3497 1374 3597">
     <span class='ocr_line' id='line_1_26' title="bbox 232 3497 1374 3597; baseline -0.009 -27"><span class='ocrx_word' id='word_1_132' title='bbox 232 3515 363 3576; x_wconf 75' lang='lat' dir='ltr'><strong>umbras</strong></span> <span class='ocrx_word' id='word_1_133' title='bbox 386 3516 473 3597; x_wconf 75' lang='lat' dir='ltr'><strong>sugae</strong></span> <span class='ocrx_word' id='word_1_134' title='bbox 748 3519 789 3580; x_wconf 84' lang='lat'><strong>25</strong></span> <span class='ocrx_word' id='word_1_135' title='bbox 910 3497 1158 3579; x_wconf 84' lang='lat' dir='ltr'><strong>Triumphantes</strong></span> <span class='ocrx_word' id='word_1_136' title='bbox 1181 3515 1263 3580; x_wconf 80' lang='lat' dir='ltr'><strong>orgo</strong></span> <span class='ocrx_word' id='word_1_137' title='bbox 1287 3497 1374 3563; x_wconf 87' lang='lat' dir='ltr'><strong>viros</strong></span> 
     </span>
    </p>
   </div>
   <div class='ocr_carea' id='block_1_14' title="bbox 232 3601 1372 3767">
    <p class='ocr_par' dir='ltr' id='par_1_15' title="bbox 232 3601 1372 3767">
     <span class='ocr_line' id='line_1_27' title="bbox 232 3601 1372 3704; baseline -0.01 -28"><span class='ocrx_word' id='word_1_138' title='bbox 232 3616 323 3682; x_wconf 84' lang='lat' dir='ltr'><strong>dedit</strong></span> <span class='ocrx_word' id='word_1_139' title='bbox 344 3621 460 3703; x_wconf 65' lang='lat' dir='ltr'><strong>procul</strong></span> <span class='ocrx_word' id='word_1_140' title='bbox 481 3622 634 3704; x_wconf 60' lang='lat' dir='ltr'><strong>regione,</strong></span> <span class='ocrx_word' id='word_1_141' title='bbox 907 3603 1078 3666; x_wconf 78' lang='lat' dir='ltr'><strong>sanctitate</strong></span> <span class='ocrx_word' id='word_1_142' title='bbox 1100 3601 1161 3664; x_wconf 92' lang='lat' dir='ltr'><strong>hos</strong></span> <span class='ocrx_word' id='word_1_143' title='bbox 1184 3610 1254 3665; x_wconf 87' lang='lat' dir='ltr'><strong>tres</strong></span> <span class='ocrx_word' id='word_1_144' title='bbox 1276 3602 1372 3666; x_wconf 86' lang='lat' dir='ltr'><strong>miros</strong></span> 
     </span>
     <span class='ocr_line' id='line_1_28' title="bbox 907 3703 1274 3767; baseline 0.003 -1"><span class='ocrx_word' id='word_1_145' title='bbox 907 3703 980 3767; x_wconf 85' lang='lat' dir='ltr'><strong>haeo</strong></span> <span class='ocrx_word' id='word_1_146' title='bbox 1002 3710 1034 3766; x_wconf 91' lang='lat' dir='ltr'><strong>et</strong></span> <span class='ocrx_word' id='word_1_147' title='bbox 1057 3711 1125 3766; x_wconf 87' lang='lat' dir='ltr'><strong>tota</strong></span> <span class='ocrx_word' id='word_1_148' title='bbox 1147 3703 1274 3767; x_wconf 84' lang='lat' dir='ltr'><strong>recolat</strong></span> 
     </span>
    </p>
   </div>
   <div class='ocr_carea' id='block_1_15' title="bbox 167 3806 1441 4103">
    <p class='ocr_par' dir='ltr' id='par_1_16' title="bbox 167 3806 1441 4103">
     <span class='ocr_line' id='line_1_29' title="bbox 167 3806 1095 3892; baseline 0 -22"><span class='ocrx_word' id='word_1_149' title='bbox 167 3809 196 3870; x_wconf 85' lang='grc'><strong>5.</strong></span> <span class='ocrx_word' id='word_1_150' title='bbox 228 3806 329 3871; x_wconf 84' lang='lat' dir='ltr'><strong>Nobis</strong></span> <span class='ocrx_word' id='word_1_151' title='bbox 351 3809 440 3872; x_wconf 88' lang='lat' dir='ltr'><strong>viros</strong></span> <span class='ocrx_word' id='word_1_152' title='bbox 464 3809 725 3892; x_wconf 85' lang='lat' dir='ltr'><strong>transmittendo,</strong></span> <span class='ocrx_word' id='word_1_153' title='bbox 947 3806 1095 3872; x_wconf 80' lang='lat' dir='ltr'><strong>ecclesia.</strong></span> 
     </span>
     <span class='ocr_line' id='line_1_30' title="bbox 233 3910 634 3993; baseline 0.005 -19"><span class='ocrx_word' id='word_1_154' title='bbox 233 3910 383 3974; x_wconf 88' lang='lat' dir='ltr'><strong>trinitatis</strong></span> <span class='ocrx_word' id='word_1_155' title='bbox 408 3911 462 3993; x_wconf 89' lang='lat' dir='ltr'><strong>qui</strong></span> <span class='ocrx_word' id='word_1_156' title='bbox 484 3911 634 3976; x_wconf 87' lang='lat' dir='ltr'><strong>dooendo</strong></span> 
     </span>
     <span class='ocr_line' id='line_1_31' title="bbox 231 4012 1441 4103; baseline 0.013 -28"><span class='ocrx_word' id='word_1_157' title='bbox 231 4032 343 4077; x_wconf 85' lang='lat' dir='ltr'><strong>veram</strong></span> <span class='ocrx_word' id='word_1_158' title='bbox 365 4012 463 4078; x_wconf 89' lang='lat' dir='ltr'><strong>fidem</strong></span> <span class='ocrx_word' id='word_1_159' title='bbox 485 4015 703 4080; x_wconf 87' lang='lat' dir='ltr'><strong>instaurarent</strong></span> <span class='ocrx_word' id='word_1_160' title='bbox 841 4023 892 4087; x_wconf 89' lang='lat'><strong>10.</strong></span> <span class='ocrx_word' id='word_1_161' title='bbox 914 4022 972 4088; x_wconf 83' lang='lat' dir='ltr'><strong>lsti</strong></span> <span class='ocrx_word' id='word_1_162' title='bbox 995 4022 1134 4087; x_wconf 84' lang='lat' dir='ltr'><strong>enimin</strong></span> <span class='ocrx_word' id='word_1_163' title='bbox 1156 4039 1258 4103; x_wconf 66' lang='lat' dir='ltr'><strong>odone</strong></span> <span class='ocrx_word' id='word_1_164' title='bbox 1411 4012 1441 4074; x_wconf 69' lang='lat'><strong>⁶⁵</strong></span> 
     </span>
    </p>
   </div>
   <div class='ocr_carea' id='block_1_16' title="bbox 108 4124 1334 4322">
    <p class='ocr_par' dir='ltr' id='par_1_17' title="bbox 108 4124 1334 4322">
     <span class='ocr_line' id='line_1_32' title="bbox 228 4124 1334 4241; baseline -0.02 -25"><span class='ocrx_word' id='word_1_165' title='bbox 228 4149 272 4216; x_wconf 83' lang='lat' dir='ltr'><strong>Et</strong></span> <span class='ocrx_word' id='word_1_166' title='bbox 293 4153 415 4217; x_wconf 86' lang='lat' dir='ltr'><strong>erroris</strong></span> <span class='ocrx_word' id='word_1_167' title='bbox 438 4156 585 4219; x_wconf 84' lang='lat' dir='ltr'><strong>oaeoitate</strong></span> <span class='ocrx_word' id='word_1_168' title='bbox 745 4157 786 4220; x_wconf 84' lang='lat'><strong>30</strong></span> <span class='ocrx_word' id='word_1_169' title='bbox 913 4141 970 4205; x_wconf 58' lang='lat'><strong>⁸1³0</strong></span> <span class='ocrx_word' id='word_1_170' title='bbox 990 4124 1191 4240; x_wconf 41' lang='lat' dir='ltr'><strong>{nmedss&#39;ssf</strong></span> <span class='ocrx_word' id='word_1_171' title='bbox 1210 4141 1334 4241; x_wconf 55' lang='lat' dir='ltr'><strong>cosm</strong></span> 
     </span>
     <span class='ocr_line' id='line_1_33' title="bbox 108 4232 1301 4322; baseline -0.006 -2"><span class='ocrx_word' id='word_1_172' title='bbox 108 4234 112 4239; x_wconf 31' lang='lat'><strong><em>‘</em></strong></span> <span class='ocrx_word' id='word_1_173' title='bbox 230 4255 318 4319; x_wconf 84' lang='lat' dir='ltr'><strong>victa</strong></span> <span class='ocrx_word' id='word_1_174' title='bbox 335 4256 415 4322; x_wconf 85' lang='lat' dir='ltr'><strong>lucis</strong></span> <span class='ocrx_word' id='word_1_175' title='bbox 441 4257 587 4322; x_wconf 79' lang='lat' dir='ltr'><strong>claritate</strong></span> <span class='ocrx_word' id='word_1_176' title='bbox 912 4232 1097 4290; x_wconf 54' lang='lat' dir='ltr'><strong>mmmm</strong></span> <span class='ocrx_word' id='word_1_177' title='bbox 1117 4232 1301 4313; x_wconf 48' lang='lat' dir='ltr'><strong>mmmm</strong></span> 
     </span>
    </p>
   </div>
   <div class='ocr_carea' id='block_1_17' title="bbox 229 4357 1394 4550">
    <p class='ocr_par' dir='ltr' id='par_1_18' title="bbox 229 4357 1394 4550">
     <span class='ocr_line' id='line_1_34' title="bbox 229 4357 1328 4447; baseline 0.012 -28"><span class='ocrx_word' id='word_1_178' title='bbox 229 4357 398 4421; x_wconf 85' lang='lat' dir='ltr'><strong>veritatem</strong></span> <span class='ocrx_word' id='word_1_179' title='bbox 425 4362 682 4442; x_wconf 76' lang='lat' dir='ltr'><strong>comprobarent.</strong></span> <span class='ocrx_word' id='word_1_180' title='bbox 914 4363 975 4429; x_wconf 81' lang='lat' dir='ltr'><strong>Cui</strong></span> <span class='ocrx_word' id='word_1_181' title='bbox 996 4374 1030 4429; x_wconf 87' lang='lat' dir='ltr'><strong>et</strong></span> <span class='ocrx_word' id='word_1_182' title='bbox 1050 4383 1112 4431; x_wconf 88' lang='lat' dir='ltr'><strong>uos</strong></span> <span class='ocrx_word' id='word_1_183' title='bbox 1134 4365 1328 4447; x_wconf 80' lang='lat' dir='ltr'><strong>serviendo,</strong></span> 
     </span>
     <span class='ocr_line' id='line_1_35' title="bbox 913 4465 1394 4550; baseline -0.004 -18"><span class='ocrx_word' id='word_1_184' title='bbox 913 4467 1042 4548; x_wconf 83' lang='lat' dir='ltr'><strong>laudes,</strong></span> <span class='ocrx_word' id='word_1_185' title='bbox 1063 4485 1184 4550; x_wconf 84' lang='lat' dir='ltr'><strong>procos</strong></span> <span class='ocrx_word' id='word_1_186' title='bbox 1203 4465 1394 4533; x_wconf 81' lang='lat' dir='ltr'><strong>offundendo</strong></span> 
     </span>
    </p>
   </div>
   <div class='ocr_carea' id='block_1_18' title="bbox 228 4648 485 4711">
    <p class='ocr_par' dir='ltr' id='par_1_19' title="bbox 228 4648 485 4711">
     <span class='ocr_line' id='line_1_36' title="bbox 228 4648 485 4711; baseline 0.004 -1"><span class='ocrx_word' id='word_1_187' title='bbox 228 4655 304 4710; x_wconf 88' lang='lat' dir='ltr'><strong>sunt</strong></span> <span class='ocrx_word' id='word_1_188' title='bbox 326 4653 393 4710; x_wconf 86' lang='lat' dir='ltr'><strong>tres</strong></span> <span class='ocrx_word' id='word_1_189' title='bbox 416 4648 485 4711; x_wconf 90' lang='lat' dir='ltr'><strong>isti:</strong></span> 
     </span>
    </p>
   </div>
   <div class='ocr_carea' id='block_1_19' title="bbox 227 4748 785 4917">
    <p class='ocr_par' dir='ltr' id='par_1_20' title="bbox 227 4748 785 4917">
     <span class='ocr_line' id='line_1_37' title="bbox 228 4748 785 4817; baseline 0.007 -3"><span class='ocrx_word' id='word_1_190' title='bbox 228 4748 405 4814; x_wconf 71' lang='lat' dir='ltr'><strong>colonatus</strong></span> <span class='ocrx_word' id='word_1_191' title='bbox 430 4758 463 4813; x_wconf 89' lang='lat' dir='ltr'><strong>et</strong></span> <span class='ocrx_word' id='word_1_192' title='bbox 485 4749 670 4817; x_wconf 80' lang='lat' dir='ltr'><strong>&#39;l&#39;hotnanns</strong></span> <span class='ocrx_word' id='word_1_193' title='bbox 743 4755 785 4817; x_wconf 83' lang='grc'><strong>35</strong></span> 
     </span>
     <span class='ocr_line' id='line_1_38' title="bbox 227 4850 577 4917; baseline 0.006 -2"><span class='ocrx_word' id='word_1_194' title='bbox 227 4858 261 4915; x_wconf 89' lang='lat' dir='ltr'><strong>et</strong></span> <span class='ocrx_word' id='word_1_195' title='bbox 283 4852 397 4915; x_wconf 91' lang='lat' dir='ltr'><strong>beatus</strong></span> <span class='ocrx_word' id='word_1_196' title='bbox 424 4850 577 4917; x_wconf 85' lang='lat' dir='ltr'><strong>Kilianus.</strong></span> 
     </span>
    </p>
   </div>
   <div class='ocr_carea' id='block_1_20' title="bbox 839 4788 1325 4955">
    <p class='ocr_par' dir='ltr' id='par_1_21' title="bbox 839 4788 1325 4955">
     <span class='ocr_line' id='line_1_39' title="bbox 839 4788 1325 4874; baseline 0.002 -20"><span class='ocrx_word' id='word_1_197' title='bbox 839 4793 889 4854; x_wconf 88' lang='lat'><strong>11.</strong></span> <span class='ocrx_word' id='word_1_198' title='bbox 912 4788 1093 4854; x_wconf 77' lang='lat' dir='ltr'><strong>Exoremus</strong></span> <span class='ocrx_word' id='word_1_199' title='bbox 1116 4788 1210 4854; x_wconf 89' lang='lat' dir='ltr'><strong>donis</strong></span> <span class='ocrx_word' id='word_1_200' title='bbox 1232 4790 1325 4874; x_wconf 88' lang='lat' dir='ltr'><strong>ejus,</strong></span> 
     </span>
     <span class='ocr_line' id='line_1_40' title="bbox 911 4891 1174 4955; baseline -0.008 0"><span class='ocrx_word' id='word_1_201' title='bbox 911 4909 971 4955; x_wconf 92' lang='lat' dir='ltr'><strong>nos</strong></span> <span class='ocrx_word' id='word_1_202' title='bbox 994 4897 1058 4954; x_wconf 87' lang='lat' dir='ltr'><strong>tam</strong></span> <span class='ocrx_word' id='word_1_203' title='bbox 1080 4891 1174 4955; x_wconf 88' lang='lat' dir='ltr'><strong>bonis</strong></span> 
     </span>
    </p>
   </div>
   <div class='ocr_carea' id='block_1_21' title="bbox 153 4989 1436 5389">
    <p class='ocr_par' dir='ltr' id='par_1_22' title="bbox 227 4989 1127 5080">
     <span class='ocr_line' id='line_1_41' title="bbox 227 4989 1127 5080; baseline 0.002 -25"><span class='ocrx_word' id='word_1_204' title='bbox 227 4989 328 5057; x_wconf 86' lang='lat' dir='ltr'><strong>Salve</strong></span> <span class='ocrx_word' id='word_1_205' title='bbox 351 5013 431 5058; x_wconf 87' lang='lat' dir='ltr'><strong>vera</strong></span> <span class='ocrx_word' id='word_1_206' title='bbox 679 5075 682 5080; x_wconf 15' lang='grc' dir='ltr'><strong>Δ</strong></span> <span class='ocrx_word' id='word_1_207' title='bbox 910 4994 960 5058; x_wconf 87' lang='lat' dir='ltr'><strong>his</strong></span> <span class='ocrx_word' id='word_1_208' title='bbox 982 4995 1127 5077; x_wconf 88' lang='lat' dir='ltr'><strong>patronis</strong></span> 
     </span>
    </p>

    <p class='ocr_par' dir='ltr' id='par_1_23' title="bbox 153 5095 1436 5389">
     <span class='ocr_line' id='line_1_42' title="bbox 153 5095 1077 5180; baseline 0.004 -22"><span class='ocrx_word' id='word_1_209' title='bbox 153 5095 155 5098; x_wconf 78' lang='grc'><strong>’</strong></span> <span class='ocrx_word' id='word_1_210' title='bbox 227 5116 303 5178; x_wconf 89' lang='lat' dir='ltr'><strong>spes</strong></span> <span class='ocrx_word' id='word_1_211' title='bbox 326 5097 473 5180; x_wconf 79' lang='lat' dir='ltr'><strong>sincera,</strong></span> <span class='ocrx_word' id='word_1_212' title='bbox 908 5099 1077 5180; x_wconf 83' lang='lat' dir='ltr'><strong>conbeari‚</strong></span> 
     </span>
     <span class='ocr_line' id='line_1_43' title="bbox 227 5186 1436 5288; baseline 0.002 -26"><span class='ocrx_word' id='word_1_213' title='bbox 227 5201 378 5288; x_wconf 87' lang='lat' dir='ltr'><strong>trinitatis</strong></span> <span class='ocrx_word' id='word_1_214' title='bbox 400 5205 460 5266; x_wconf 88' lang='lat' dir='ltr'><strong>snb</strong></span> <span class='ocrx_word' id='word_1_215' title='bbox 484 5201 591 5285; x_wconf 82' lang='lat' dir='ltr'><strong>figura</strong></span> <span class='ocrx_word' id='word_1_216' title='bbox 910 5200 1030 5264; x_wconf 80' lang='lat' dir='ltr'><strong>sociari</strong></span> <span class='ocrx_word' id='word_1_217' title='bbox 1406 5186 1436 5251; x_wconf 67' lang='lat'><strong>7⁵</strong></span> 
     </span>
     <span class='ocr_line' id='line_1_44' title="bbox 226 5302 1233 5389; baseline 0.007 -23"><span class='ocrx_word' id='word_1_218' title='bbox 226 5304 330 5367; x_wconf 82' lang='lat' dir='ltr'><strong>nostri</strong></span> <span class='ocrx_word' id='word_1_219' title='bbox 350 5313 417 5370; x_wconf 87' lang='lat' dir='ltr'><strong>tam</strong></span> <span class='ocrx_word' id='word_1_220' title='bbox 440 5323 597 5388; x_wconf 85' lang='lat' dir='ltr'><strong>expressa</strong></span> <span class='ocrx_word' id='word_1_221' title='bbox 620 5302 707 5370; x_wconf 74' lang='lat' dir='ltr'><strong>ouri.</strong></span> <span class='ocrx_word' id='word_1_222' title='bbox 739 5306 780 5369; x_wconf 79' lang='lat'><strong>40</strong></span> <span class='ocrx_word' id='word_1_223' title='bbox 908 5305 942 5368; x_wconf 91' lang='lat' dir='ltr'><strong>in</strong></span> <span class='ocrx_word' id='word_1_224' title='bbox 964 5313 1088 5370; x_wconf 84' lang='lat' dir='ltr'><strong>aeterna</strong></span> <span class='ocrx_word' id='word_1_225' title='bbox 1109 5305 1233 5389; x_wconf 75' lang='lat' dir='ltr'><strong>requie.</strong></span> 
     </span>
    </p>
   </div>
   <div class='ocr_carea' id='block_1_22' title="bbox 164 4376 1481 4977">
    <p class='ocr_par' dir='ltr' id='par_1_24' title="bbox 1476 4376 1481 4491">
     <span class='ocr_line' id='line_1_45' title="bbox 1476 4376 1481 4491; baseline 0 0"><span class='ocrx_word' id='word_1_226' title='bbox 1476 4376 1481 4491; x_wconf 78' lang='lat' dir='ltr'><strong>i</strong></span> 
     </span>
    </p>

    <p class='ocr_par' dir='ltr' id='par_1_25' title="bbox 164 4542 1481 4901">
     <span class='ocr_line' id='line_1_46' title="bbox 164 4542 1481 4697; baseline -0.007 -89"><span class='ocrx_word' id='word_1_227' title='bbox 164 4547 193 4608; x_wconf 84' lang='grc'><strong>6.</strong></span> <span class='ocrx_word' id='word_1_228' title='bbox 226 4542 322 4608; x_wconf 87' lang='lat' dir='ltr'><strong>Servi</strong></span> <span class='ocrx_word' id='word_1_229' title='bbox 346 4543 468 4610; x_wconf 83' lang='lat' dir='ltr'><strong>Christi</strong></span> <span class='ocrx_word' id='word_1_230' title='bbox 912 4572 986 4655; x_wconf 59' lang='lat' dir='ltr'><strong>ejus</strong></span> <span class='ocrx_word' id='word_1_231' title='bbox 1007 4573 1097 4636; x_wconf 64' lang='lat' dir='ltr'><strong>mnae</strong></span> <span class='ocrx_word' id='word_1_232' title='bbox 1118 4573 1257 4637; x_wconf 59' lang='lat' dir='ltr'><strong>bonitati</strong></span> <span class='ocrx_word' id='word_1_233' title='bbox 1408 4558 1437 4622; x_wconf 52' lang='grc' dir='ltr'><strong>το</strong></span> <span class='ocrx_word' id='word_1_234' title='bbox 1476 4568 1481 4697; x_wconf 65' lang='grc'>1</span> 
     </span>
     <span class='ocr_line' id='line_1_47' title="bbox 1435 4690 1481 4901; baseline 0 0"><span class='ocrx_word' id='word_1_235' title='bbox 1435 4690 1438 4701; x_wconf 66' lang='grc'><strong>’</strong></span> <span class='ocrx_word' id='word_1_236' title='bbox 1478 4724 1481 4901; x_wconf 78' lang='lat' dir='ltr'><strong>t</strong></span> 
     </span>
    </p>

    <p class='ocr_par' dir='ltr' id='par_1_26' title="bbox 1478 4906 1481 4977">
     <span class='ocr_line' id='line_1_48' title="bbox 1478 4906 1481 4977; baseline 0 0"><span class='ocrx_word' id='word_1_237' title='bbox 1478 4906 1481 4977; x_wconf 80' lang='lat' dir='ltr'><strong>i</strong></span> 
     </span>
    </p>
   </div>
   <div class='ocr_carea' id='block_1_23' title="bbox 0 0 1630 6517">
    <p class='ocr_par' dir='ltr' id='par_1_27' title="bbox 0 0 1630 6517">
     <span class='ocr_line' id='line_1_49' title="bbox 0 0 1630 6517; baseline 0 1"><span class='ocrx_word' id='word_1_238' title='bbox 0 0 1630 6517; x_wconf 95' lang='lat' dir='ltr'><strong> </strong></span> 
     </span>
    </p>
   </div>
  </div>
 </body>
</html>
