3250 6517
347 1346 383 1402 s
489 1360 576 1434 987.
616 1356 810 1458 Sequentia
838 1356 881 1429 de
907 1383 935 1429 s.
960 1358 1142 1430 llaterina.

164 1589 329 1655 Katerinae
352 1586 521 1652 sollemnia
841 1588 949 1671 Ipsam
967 1585 1098 1651 tandem
1119 1584 1322 1669 argumentis

164 1698 277 1758 sancta
298 1691 384 1755 colat
406 1690 562 1773 ecclesia,
884 1685 1181 1771 logicorum'ennei

163 1814 262 1879 super
281 1794 374 1878 cnjus
396 1795 534 1860 victoria
841 1798 965 1873 artem,
987 1798 1024 1856 ut
1046 1790 1088 1855 de
1109 1789 1323 1854 sacramentis

163 1896 348 1981 congaudet
370 1899 444 1966 coeli
469 1897 567 1964 curia.
885 1892 1096 1958 convincatur
1117 1889 1205 1955 fidei.

841 2055 910 2123 Sed
933 2057 1109 2142 triumphat
1129 2057 1163 2121 in
1186 2073 1297 2140 agone

841 2161 935 2227 firma
956 2170 1049 2227 utens
1072 2163 1200 2227 ratione

883 2267 979 2350 virgo
1002 2266 1278 2348 constantissima,

843 2378 991 2434 oratores
1013 2370 1090 2436 victi
1112 2368 1233 2435 cedunt

843 2480 876 2538 et
897 2473 929 2537 in
943 2460 1046 2538 'unum
1067 2471 1164 2539 deum
1186 2470 1342 2555 credunt,

885 2575 969 2639 salvi
991 2583 1066 2659 post
1087 2574 1249 2641 incendia

164 2115 245 2181 Haeo
266 2123 317 2180 est
337 2117 449 2199 virgo,
472 2135 545 2199 qnae
561 2114 681 2180 dilecto
768 2114 787 2176 5

206 2237 325 2281 novum
348 2226 458 2282 cantat
481 2218 655 2299 canticum,

164 2322 239 2402 quia
261 2341 340 2384 vere
363 2329 396 2385 et
418 2322 545 2386 sincere

207 2421 261 2486 dei
283 2422 363 2486 vidit
385 2421 492 2487 filium.

164 2636 244 2701 llaec
266 2637 299 2700 in
320 2636 439 2700 mundo
462 2637 538 2704 vicit
560 2636 710 2703 mundum

208 2747 241 2803 et
263 2740 370 2804 carnis
393 2740 576 2824 lasciviam,
749 2743 788 2806 10
842 2737 886 2803 Et
910 2739 985 2822 qnid
1007 2739 1126 2823 plura‘t
1149 2739 1334 2806 decollatur

166 2861 261 2925 quam
284 2842 410 2908 dicarat
434 2844 590 2908 salvatori
841 2843 938 2925 virgo
961 2851 1088 2922 sancta,
1112 2844 1199 2926 qnod
1219 2854 1357 2910 testatur

208 2965 343 3011 servans
365 2947 559 3030 pudicitiam.
883 2944 937 3008 lac
958 2942 1095 3008 lundens
1118 2963 1179 3027 pro
1204 2948 1377 3029 sangnine3

844 3044 938 3128 cujus
960 3062 1079 3128 corpus
1102 3047 1254 3129 angelico

164 3161 207 3226 Et
229 3168 334 3224 tamen
358 3161 389 3222 in
413 3161 572 3242 virginem
842 3148 997 3231 Sepelilur
1020 3150 1175 3231 obsequio

165 3271 299 3327 exercet
322 3263 524 3346 tyrannidem
883 3250 917 3313 in
940 3247 1030 3314 Sinai
1052 3252 1185 3315 vertice·

208 3365 347 3431 crudelis
369 3367 568 3448 Maxentius,
748 3367 788 3429 15

165 3489 237 3533 nam
260 3469 388 3532 mittens
411 3469 443 3531 in
467 3486 632 3533 carcerem

167 3574 220 3638 dei
241 3574 333 3656 punit
354 3582 531 3656 martyrem

208 3676 411 3739 innocentem
432 3674 559 3739 noxius.

841 3411 890 3475 lle
913 3414 1064 3496 sepulcro
1087 3415 1187 3479 stillat
1211 3416 1318 3499 liquor

885 3518 1085 3583 incessanter
1107 3520 1185 3601 olei,

843 3639 906 3701 quo
929 3629 1082 3684 sanantur
1105 3620 1242 3686 delibuti

885 3723 1123 3806 qualescunque
1145 3723 1301 3806 languidi

165 3881 232 3947 Sed
255 3901 317 3948 nec
338 3902 438 3966 prece
465 3902 569 3964 neque
592 3881 685 3946 minis
840 3884 932 3969 Ergo
953 3888 1048 3970 virgo
1070 3889 1266 3972 praeelecta,

166 3985 252 4050 flecti
274 3993 384 4068 potest
406 4007 426 4050 a
448 3984 564 4050 divinis
745 3985 787 4048 20
843 4007 916 4069 quae
939 3996 972 4051 et
989 3999 1113 4072 martyr
1135 4009 1172 4053 es
1193 3990 1312 4054 effecta

207 4088 363 4155 Katerina
385 4090 555 4172 laudibus,
887 4091 964 4172 agni
987 4091 1056 4154 sine
1078 4091 1222 4172 macula,

166 4212 238 4274 quae
261 4191 334 4255 dum
357 4190 518 4255 Christum
541 4189 723 4274 confitetur,
843 4207 902 4254 ora
924 4189 1032 4271 deum,
1055 4198 1090 4255 nt
1112 4192 1277 4256 salvemur

165 4295 327 4376 refragari
348 4312 411 4358 non
434 4300 565 4357 veretur
842 4313 862 4357 a
884 4292 1010 4358 delictis
1033 4304 1066 4358 et
1087 4295 1278 4359 mundemur

208 4396 367 4460 idolorum
390 4396 536 4462 cultibus.
884 4415 957 4460 cum
979 4398 1100 4461 sanetis
1122 4398 1155 4461 in
1178 4397 1296 4480 gloria.

252 4580 300 4634 lls.
319 4596 354 4634 zu
370 4580 524 4649 lldnchun,
545 4580 613 4638 clm.
634 4583 729 4637 17110.
747 4578 767 4636 f.
785 4583 828 4634 55.
845 4597 896 4635 aus
915 4582 976 4635 dem
995 4582 1029 4633 12
1047 4580 1144 4634 Jahrb.
1162 4579 1191 4633 in
1210 4580 1289 4635 einer
1307 4582 1394 4637 Messe

166 4667 210 4723 die
227 4668 338 4739 lleilige
365 4670 431 4739 (A).
465 4668 533 4724 Fast
551 4669 601 4724 des
619 4685 708 4743 genae
728 4665 858 4726 officinm
876 4669 913 4722 ist
931 4669 959 4722 in
976 4667 1166 4723 Reimversen.
1203 4667 1250 4723 lls
1268 4684 1306 4723 an
1323 4667 1407 4737 Stattt

166 4755 238 4811 Bibl.
255 4757 299 4810 20.
318 4753 338 4810 s.
357 4756 393 4810 80
410 4755 461 4810 mit
478 4755 529 4810 der
546 4754 680 4826 Melodie,
701 4758 734 4812 13
758 4755 856 4812 lauru.
875 4757 955 4824 (B).·

256 4880 270 4932 1
290 4877 370 4934 casn.
391 4878 430 4946 s,
449 4864 628 4950 secretalis
646 4877 695 4932 aa
713 4877 905 4933 Rubnmtors.
941 4876 1029 4931 s-e
1047 4873 1143 4931 senten
1162 4877 1194 4932 n.
1232 4879 1266 4932 aa
1285 4879 1339 4934 ssa
1355 4879 1406 4948 ns

166 4965 232 5035 gine
251 4965 281 5018 Β.
317 4965 351 5018 16
369 4980 451 5035 quem
469 4965 500 5020 B.
529 4967 564 5019 19
581 4980 644 5035 quae
661 4979 714 5020 nee
732 4966 764 5020 B.
791 4964 938 5036 adposuit
956 4965 986 5018 B.
1012 4961 1206 5019 caresianam
1223 4964 1254 5018 Β.
1275 4966 1407 5021 esemel

164 5054 201 5107 29
214 5054 276 5124 jam
295 5058 328 5106 tr.
348 5054 383 5121 B,
419 5057 448 5107 et
466 5050 484 5108 f.
503 5053 601 5108 sede.
646 5054 682 5108 35
709 5057 740 5108 ut
766 5068 792 5122 q.
820 5054 850 5107 Β.
904 5054 940 5107 36
966 5069 1038 5123 pura
1065 5054 1095 5107 Β.
1147 5055 1184 5110 38
1210 5054 1407 5126 angelorum.

165 5141 200 5193 tt
219 5139 279 5193 hoec
297 5144 341 5194 est
359 5154 386 5193 v.
406 5140 437 5193 B.
473 5140 508 5193 tc
528 5144 575 5194 est
590 5140 622 5194 Β.
659 5139 696 5194 te
712 5139 874 5194 mundemur
892 5141 922 5194 B.
958 5142 993 5194 te
1011 5139 1153 5195 salvemur
1171 5139 1202 5194 B.
