3250 6517
168 953 236 1031 80⁰

169 1142 290 1209 Domus
313 1143 385 1227 ejus
408 1149 476 1207 tota
499 1141 622 1223 credit,
850 1139 905 1207 Ad
929 1161 1024 1226 quem
1047 1162 1108 1210 sua
1130 1152 1246 1211 sancta
1269 1163 1363 1229 preco
1413 1144 1441 1207 11

169 1265 265 1329 quam
278 1264 340 1330 pro
355 1243 487 1309 Christo
503 1263 608 1310 caesar
623 1244 719 1309 caedit
752 1246 794 1309 20
849 1263 908 1309 nos
931 1244 1101 1312 mundatos
1123 1248 1231 1332 culpae
1252 1247 1334 1313 ime

212 1347 284 1413 dira
306 1368 367 1432 per
389 1348 558 1433 supplicia.
892 1347 1186 1433 coruscantior,

168 1534 247 1603 Post
269 1536 341 1599 haeo
364 1543 488 1618 martyr
511 1542 562 1598 est
584 1542 712 1601 assatus
849 1535 909 1613 Qui
931 1554 993 1619 pro
1017 1539 1110 1605 noltis
1133 1539 1193 1605 tuit
1215 1559 1330 1624 passus

169 1645 203 1702 et
224 1659 284 1723 per
307 1640 413 1721 ignem
438 1640 667 1722 comprobatus
706 1694 709 1699 .
847 1646 881 1702 et
903 1655 963 1720 pro
987 1655 1051 1719 quo
1072 1647 1124 1703 est
1145 1640 1224 1723 igne
1247 1660 1338 1707 assus

211 1742 309 1806 intrat
331 1743 404 1809 coeli
426 1742 562 1826 gaudia3
891 1741 991 1804 levita
1016 1740 1220 1807 Laurentius.
1410 1744 1440 1807 ll

256 1929 304 1984 lls.
322 1929 358 1983 im
377 1928 504 1983 seminar
522 1927 678 1995 calcient,
699 1928 732 1980 tt
749 1924 848 1981 lauru.
868 1925 918 1981 mit
936 1925 985 1980 der
1004 1922 1131 1981 llelodie.

258 2052 276 2107 8
292 2057 398 2122 quanto
416 2051 520 2118 Siatus,
539 2050 585 2105 lls.
612 2049 775 2121 1811111111,
793 2048 841 2103 lle.

445 2334 554 2408 1024.
587 2335 644 2406 ne
669 2358 696 2404 s.
723 2331 919 2405 Laurentio
951 2333 1195 2429 (troparium).

171 2537 198 2601 1.
230 2533 323 2599 Stold
341 2535 569 2619 jocunditatis,
911 2543 944 2599 et
965 2536 1075 2600 levitae
1097 2535 1192 2617 larga
1214 2553 1328 2602 manus

232 2639 381 2723 alleluja,
909 2635 983 2700 dum
1006 2637 1088 2719 petit
1110 2635 1272 2719 inducias,
1411 2629 1437 2692 25

909 2775 965 2842 dut
987 2775 1131 2841 ministra
1154 2777 1302 2842 caritatis

909 2881 1107 2964 pauperibus
1130 2882 1343 2965 congregatis

908 2983 1094 3049 facultatum
1119 2984 1241 3067 copias.

167 2832 196 2915 .²·
225 2829 331 2898 Induit
351 2830 450 2896 hodie
474 2830 620 2896 dominus

231 2932 363 2997 militem
384 2951 476 2998 suum
499 2930 722 3013 Laurentium

228 3066 334 3133 Solito
356 3065 491 3152 plaudat
514 3066 654 3130 alacrius
769 3067 789 3127 5

230 3171 344 3236 concio
367 3171 444 3234 laeta
467 3167 618 3233 fidelium.
842 3166 871 3229 6.
904 3163 997 3231 Furit
1018 3166 1116 3249 igitur
1139 3168 1317 3251 praelectus

907 3275 941 3332 et
962 3276 1097 3351 paratur
1119 3269 1240 3334 ardens
1263 3270 1375 3350 lectus,
1408 3258 1434 3324 3⁰

166 3363 196 3429 il.
226 3360 330 3426 llcdie
352 3368 477 3443 martyr
500 3360 636 3442 insignis
908 3368 1089 3433 insultantis
1111 3370 1242 3435 viscera

172 3460 182 3489 ·’
229 3463 368 3528 hostiam
391 3462 452 3527 deo
476 3461 657 3545 placentem
908 3480 1015 3535 crates
1037 3473 1100 3536 urit
1119 3490 1246 3556 aspera,

231 3566 359 3647 munh
906 3604 1010 3675 Sudat
1032 3619 1158 3696 martyr
1181 3613 1213 3676 in
1238 3631 1343 3696 egone

172 3706 176 3715 '
229 3702 333 3766 llodie
357 3706 548 3766 tormentum
570 3698 654 3781 iguis
748 3699 788 3762 10
905 3731 964 3796 spe
986 3711 1146 3776 mercedis
1169 3721 1203 3777 et
1226 3731 1370 3795 corona,

188 3836 192 3843 ⁵
229 3807 376 3890 graviter
399 3805 599 3869 examinatus
905 3833 978 3896 quae
1001 3812 1097 3880 datur
1119 3812 1270 3881 fidelibus
1403 3806 1431 3873 ³5

227 3911 383 3995 pertulit„
904 3933 965 4000 pro
988 3913 1119 3979 Christo
1142 3918 1348 3981 certantibus.

163 4106 193 4165 1.
226 4098 416 4166 Accersitus
438 4100 481 4165 ad
505 4108 667 4164 certarnen
839 4101 868 4161 ⁷.
899 4095 949 4160 lle
972 4095 1065 4180 cujus
1087 4095 1200 4161 militia

227 4205 349 4269 monitu
371 4203 457 4268 beati
481 4203 567 4267 senis
905 4201 979 4266 coeli
1001 4199 1121 4283 gaudet
1146 4200 1257 4282 curia,

228 4341 434 4404 Gravissimis
455 4358 519 4403 uon
542 4340 664 4422 refugit
746 4343 785 4404 15
905 4339 984 4415 Quia
1008 4339 1087 4403 vicit
1109 4337 1207 4402 hodic

228 4445 384 4508 exhibere
401 4445 544 4507 membra
563 4446 678 4527 poenis.
902 4443 1063 4505 ministros
1087 4441 1250 4522 nequitiae.
1405 4425 1434 4492 ⁴⁰

162 4642 192 4703 5.
222 4632 310 4699 Ante
334 4651 445 4714 regem
468 4631 645 4694 accersitur
837 4610 867 4671 8·
899 4605 940 4672 Ui
962 4606 1047 4670 hunc
1070 4623 1151 4687 “50
1178 4625 1239 4687 per
1261 4615 1413 4690 patronum

227 4746 261 4802 et
283 4736 323 4801 de
346 4736 443 4801 rebus
466 4736 657 4799 convenitur
903 4729 1136 4791 ⁰⁰¹¹S⁰¹l¹¹fl¹¹¹⁰r
1160 4710 1238 4775 l'iiffl
1261 4707 1373 4777 donum

227 4842 363 4907 occultis
385 4838 550 4917 ecclesiae,
902 4815 986 4878 illius
1009 4812 1062 4879 (¹5⁰
1085 4813 1185 4892 swa:

227 4983 287 5048 sed
304 4998 368 5044 non
383 4977 469 5044 cedit
483 4974 717 5058 blandimentis,
741 4973 782 5036 20
901 4952 1021 5018 ⁰¹¹⁰r118
1044 4959 1154 5016 n⁰⁸ltr
1177 4950 1289 5015 taetitia

227 5085 387 5152 emollitur
409 5090 465 5147 aut
487 5077 670 5160 tormentis,
898 5055 1075 5139 jocundum
1094 5055 1127 5116 in
1146 5053 1286 5118 ccclesia
1404 5039 1432 5105 4⁵

225 5190 297 5274 ejus
320 5186 476 5254 avaritia.
902 5160 1054 5224 decantet
1077 5157 1229 5241 alleluja,

224 5327 360 5397 Luditur
381 5324 575 5393 vdammm
837 5328 867 5391 9.
898 5318 1060 5406 Allelujo!

1468 828 1474 909 l

1469 934 1474 987 l
