3250 6517
165 1101 257 1167 (lmni
280 1100 423 1182 degebat
445 1107 591 1181 tempore
759 1139 764 1149 .
841 1091 1048 1157 desiderabat
1069 1093 1198 1176 ingredi

164 1223 278 1290 poenas
301 1203 408 1267 serens
429 1202 462 1264 in
484 1217 642 1283 corpore,
841 1197 884 1260 ad
904 1213 1024 1260 caenam
1045 1201 1121 1278 spei
1139 1198 1271 1279 providi

164 1325 285 1372 memor
308 1315 432 1371 tuorum
456 1323 603 1387 operum,

166 1415 305 1478 conditer
328 1412 410 1476 alme
431 1411 578 1475 siderum.
745 1405 786 1467 20
840 1382 1000 1448 Vidulum
1023 1382 1153 1447 landem
1175 1382 1276 1446 titulis

840 1488 978 1552 imbutus
1000 1494 1034 1551 et
1055 1486 1219 1552 miraculis
1405 1489 1435 1550 ll

164 1598 285 1662 Noctes
308 1594 506 1659 orationibus
840 1591 992 1672 migravit
1014 1588 1056 1654 sd
1079 1600 1112 1654 te
1135 1590 1315 1673 dominum,

166 1698 300 1762 deduxit
322 1704 355 1759 et
377 1696 557 1770 laboribus,
840 1695 938 1759 ltere
957 1712 1076 1761 corona
1096 1698 1260 1777 virpt'num.

165 1818 227 1865 nee
249 1798 389 1865 cessavit
414 1799 455 1860 ab
478 1812 578 1879 opere

161 1910 231 1986 jam
254 1904 331 1968 lucis
354 1907 420 1966 orto
441 1901 550 1965 sidero.
841 1882 892 1949 Sit
913 1884 985 1947 laus
1006 1884 1092 1967 patri
1114 1903 1186 1950 eum
1208 1883 1278 1950 lilio

840 2004 970 2069 semper
990 1986 1023 2048 in
1045 1986 1117 2051 eoeli
1140 1986 1224 2051 solio

165 2092 304 2176 Jejuniis
327 2111 362 2154 se
386 2108 571 2170 macerans,
744 2088 786 2149 25
840 2107 964 2170 nosque
987 2087 1161 2173 resplende
1185 2091 1312 2156 etelitns
1405 2087 1435 2150 35

166 2198 355 2261 verberibus
379 2214 414 2257 se
436 2195 600 2274 lacerans,
840 2196 911 2257 veni
932 2198 1056 2258 creator
1077 2197 1216 2276 spiritus.

254 2377 300 2430 ils.
319 2393 352 2428 nu
371 2375 400 2431 S.
419 2373 519 2429 Gellen
544 2374 596 2428 llo.
611 2374 670 2427 stt
696 2389 722 2443 p.
741 2374 800 2429 163.
825 2377 860 2428 ll
876 2374 975 2429 Jahrb.
1017 2374 1048 2430 ln
1065 2375 1157 2431 dieses
1175 2375 1244 2430 bled
1264 2376 1325 2431 sind
1342 2375 1381 2429 die
1393 2376 1433 2429 br·

167 2460 253 2534 linge
272 2463 345 2518 alter
363 2464 489 2533 Hymnen
508 2458 671 2532 eingel'igt,
690 2459 746 2516 wie
763 2461 810 2516 bei
828 2461 881 2518 No.
899 2463 960 2516 788.

254 2588 289 2640 35
308 2585 446 2656 ricbtiger
465 2584 574 2639 sebeint
591 2583 644 2638 rnir
662 2582 851 2655 resplendens,

498 2885 585 2959 811.
621 2884 679 2956 De
702 2909 731 2955 s.
756 2880 921 2955 Antonio
942 2881 1128 2956 Peduano.

168 3107 194 3172 0
217 3109 327 3192 proles
349 3106 527 3188 Hispaniae,
841 3103 923 3186 Fer,
945 3101 1085 3187 Antoni,
1107 3107 1224 3189 gratiae

210 3229 315 3295 pavor
337 3209 526 3289 infidelium,
885 3203 1005 3269 Christi
1027 3207 1256 3291 patrocinium,

168 3330 254 3376 nova
276 3312 331 3375 lux
354 3311 472 3389 ltaliae,
841 3329 884 3374 ne
906 3329 968 3394 pro
989 3311 1091 3395 lapsis
1112 3313 1219 3377 venire

211 3416 318 3479 nobile
341 3413 522 3496 depositum
886 3421 1012 3498 tempus
1035 3417 1137 3479 breve
1160 3415 1321 3481 creditum

253 3519 342 3583 urbis
364 3517 547 3596 paduanae,
769 3517 789 3576 5
928 3516 1048 3581 defluat
1066 3518 1170 3583 inane.
1411 3510 1441 3576 lt

256 3704 304 3757 lls.
323 3700 446 3757 franziis.
464 3701 630 3774 Tagzeiten,
651 3702 684 3753 lb
701 3701 817 3771 Jahrb,
841 3701 879 3757 im
897 3703 1101 3771 privaberis,
1125 3704 1170 3760 als
1188 3705 1303 3762 oraison
1320 3708 1352 3763 de
1367 3722 1385 3762 t
1399 3703 1442 3759 A*

168 3795 243 3862 ωψσε
260 3793 292 3846 de
309 3793 380 3846 Pede
407 3792 475 3860 (Α),
508 3790 562 3845 und
589 3791 635 3844 lis,
655 3790 703 3844 des
722 3790 995 3846 blinoritenlrlesters
1022 3809 1057 3847 zu
1075 3792 1171 3849 Padus
1196 3794 1251 3850 Ne.
1275 3794 1318 3850 88,
1340 3793 1387 3848 mit
1405 3789 1442 3844 ist

169 3877 298 3946 llelodie,
318 3882 351 3935 14
364 3880 462 3934 Jabrb.
480 3877 523 3932 als
541 3877 703 3948 Antiphone
720 3877 756 3932 ad
774 3878 925 3933 matutinas
943 3881 1006 3951 (B).

257 4005 270 4056 l
289 4001 419 4073 lspagine
437 4003 470 4056 A.

255 4176 305 4232 llie
325 4174 372 4230 lls.
389 4174 413 4228 B
432 4173 541 4229 entbfilt
559 4173 631 4228 auch
649 4174 723 4228 nocb
740 4169 875 4244 folgende
893 4170 1055 4242 Antiphone
1072 4171 1109 4225 ad
1126 4170 1238 4226 leudes:
1318 4142 1329 4219 'l

272 4297 376 4350 Domus
394 4295 430 4349 ab
448 4294 571 4351 Antonio
947 4308 1028 4362 quarn
1046 4291 1131 4346 meris
1149 4290 1257 4361 eletio,

275 4397 361 4451 supra
379 4381 492 4435 Petrum
513 4380 652 4435 dominum
949 4377 1049 4434 fluctus
1067 4395 1117 4432 seu
1136 4394 1193 4433 vex
1210 4375 1351 4434 fluminum

307 4468 404 4539 posita
421 4466 575 4539 perstabit,
983 4467 1060 4522 ultra
1077 4483 1133 4523 non
1151 4466 1289 4524 turbabit.

257 4609 286 4664 ln
313 4608 366 4663 den
392 4608 514 4662 Kireben
538 4605 726 4662 Oberitaliens
753 4605 842 4665 findet
864 4625 928 4664 men
952 4609 998 4663 bie
1022 4609 1078 4663 und
1101 4608 1139 4663 da
1161 4604 1313 4680 tolgan&
1328 4603 1391 4664 bid
1406 4584 1445 4654 Ε(

171 4698 265 4754 diesen
283 4697 412 4768 lleiligen
430 4693 577 4768 gedruckt

274 4821 306 4876 si
324 4818 427 4890 quaeris
445 4817 598 4884 miracula,
746 4878 747 4881 Ἴ
951 4823 1051 4890 petunt
1067 4822 1097 4873 et
1115 4816 1258 4887 recipiunt

274 4926 365 4975 mors,
382 4924 480 4976 error,
499 4906 659 4974 calamitas,
980 4908 1102 4979 juvenes
1120 4911 1150 4960 et
1167 4907 1239 4961 esni.

274 5001 396 5067 daemon,
415 5000 496 5070 lepre
514 4997 639 5069 fugiunt,

373 5088 380 5099 ,
592 5086 599 5096 ,
950 5030 1073 5085 Pereunt
1090 5028 1219 5101 pericula

310 5104 382 5159 aegrr
402 5092 521 5158 surgunt
538 5102 608 5140 sani.

951 5122 1045 5171 cessat
1061 5122 1090 5170 et
1107 5115 1281 5187 necessitas,

275 5209 381 5265 Cedunt
399 5226 493 5278 mare,
512 5209 639 5276 vincula,
955 5211 1070 5259 narrent
1087 5205 1130 5271 bi,
1149 5205 1197 5276 qui
1213 5206 1351 5276 sentiunt,

275 5297 398 5351 membre
418 5313 518 5367 resque
534 5295 661 5366 perditas
986 5291 1080 5347 dicant
1097 5292 1231 5349 Petunt
