<?xml version="1.0" encoding="UTF-8"?>
<!DOCTYPE html PUBLIC "-//W3C//DTD XHTML 1.0 Transitional//EN"
    "http://www.w3.org/TR/xhtml1/DTD/xhtml1-transitional.dtd">
<html xmlns="http://www.w3.org/1999/xhtml" xml:lang="en" lang="en">
 <head>
  <title>
</title>
<meta http-equiv="Content-Type" content="text/html;charset=utf-8" />
  <meta name='ocr-system' content='tesseract 3.04.00' />
  <meta name='ocr-capabilities' content='ocr_page ocr_carea ocr_par ocr_line ocrx_word'/>
</head>
<body>
  <div class='ocr_page' id='page_1' title='image "./lateinischehymn00monegoog/lateinischehymn00monegoog_0293.png"; bbox 0 0 3250 6517; ppageno 0'>
   <div class='ocr_carea' id='block_1_1' title="bbox 586 1259 1039 1337">
    <p class='ocr_par' dir='ltr' id='par_1_1' title="bbox 586 1259 1039 1337">
     <span class='ocr_line' id='line_1_1' title="bbox 586 1259 1039 1337; baseline -0.004 -2"><span class='ocrx_word' id='word_1_1' title='bbox 586 1260 673 1335; x_wconf 83' lang='lat'>899.</span> <span class='ocrx_word' id='word_1_2' title='bbox 703 1263 764 1336; x_wconf 83' lang='lat' dir='ltr'><strong>De</strong></span> <span class='ocrx_word' id='word_1_3' title='bbox 787 1290 816 1337; x_wconf 91' lang='lat' dir='ltr'><strong>s.</strong></span> <span class='ocrx_word' id='word_1_4' title='bbox 841 1259 1039 1336; x_wconf 80' lang='lat' dir='ltr'><strong>Elisabeth.</strong></span> 
     </span>
    </p>
   </div>
   <div class='ocr_carea' id='block_1_2' title="bbox 166 1473 1444 1865">
    <p class='ocr_par' dir='ltr' id='par_1_2' title="bbox 166 1473 1272 1559">
     <span class='ocr_line' id='line_1_2' title="bbox 166 1473 1272 1559; baseline 0.001 -21"><span class='ocrx_word' id='word_1_5' title='bbox 166 1473 193 1538; x_wconf 91' lang='lat'>0</span> <span class='ocrx_word' id='word_1_6' title='bbox 215 1473 387 1539; x_wconf 78' lang='lat' dir='ltr'><strong>Elisabeth</strong></span> <span class='ocrx_word' id='word_1_7' title='bbox 408 1473 538 1557; x_wconf 81' lang='lat' dir='ltr'><strong>regina,</strong></span> <span class='ocrx_word' id='word_1_8' title='bbox 842 1475 1037 1543; x_wconf 85' lang='lat' dir='ltr'><strong>Suscitatrix</strong></span> <span class='ocrx_word' id='word_1_9' title='bbox 1058 1480 1272 1559; x_wconf 85' lang='lat' dir='ltr'><strong>mortuorum,</strong></span> 
     </span>
    </p>

    <p class='ocr_par' dir='ltr' id='par_1_3' title="bbox 166 1576 1271 1661">
     <span class='ocr_line' id='line_1_3' title="bbox 166 1576 1271 1661; baseline -0.002 -19"><span class='ocrx_word' id='word_1_10' title='bbox 166 1585 234 1642; x_wconf 90' lang='lat' dir='ltr'><strong>tota</strong></span> <span class='ocrx_word' id='word_1_11' title='bbox 255 1583 361 1641; x_wconf 89' lang='lat' dir='ltr'><strong>menta</strong></span> <span class='ocrx_word' id='word_1_12' title='bbox 384 1578 580 1661; x_wconf 88' lang='lat' dir='ltr'><strong>columbina,</strong></span> <span class='ocrx_word' id='word_1_13' title='bbox 841 1576 1041 1643; x_wconf 76' lang='lat' dir='ltr'><strong>consolatrix</strong></span> <span class='ocrx_word' id='word_1_14' title='bbox 1063 1576 1271 1660; x_wconf 88' lang='lat' dir='ltr'><strong>miserorum,</strong></span> 
     </span>
    </p>

    <p class='ocr_par' dir='ltr' id='par_1_4' title="bbox 166 1677 1444 1865">
     <span class='ocr_line' id='line_1_4' title="bbox 166 1677 1444 1762; baseline 0 -19"><span class='ocrx_word' id='word_1_15' title='bbox 166 1679 304 1743; x_wconf 72' lang='lat' dir='ltr'><strong>varitate</strong></span> <span class='ocrx_word' id='word_1_16' title='bbox 326 1678 419 1762; x_wconf 86' lang='lat' dir='ltr'><strong>reple</strong></span> <span class='ocrx_word' id='word_1_17' title='bbox 441 1677 517 1744; x_wconf 70' lang='lat' dir='ltr'><strong>bini</strong></span> <span class='ocrx_word' id='word_1_18' title='bbox 771 1724 776 1733; x_wconf 85' lang='lat'>-</span> <span class='ocrx_word' id='word_1_19' title='bbox 842 1697 932 1746; x_wconf 85' lang='lat' dir='ltr'><strong>casco</strong></span> <span class='ocrx_word' id='word_1_20' title='bbox 954 1686 1032 1744; x_wconf 90' lang='lat' dir='ltr'><strong>nato</strong></span> <span class='ocrx_word' id='word_1_21' title='bbox 1055 1678 1224 1744; x_wconf 86' lang='lat' dir='ltr'><strong>oculorum</strong></span> <span class='ocrx_word' id='word_1_22' title='bbox 1413 1680 1444 1743; x_wconf 80' lang='lat' dir='ltr'><strong>ll</strong></span> 
     </span>
     <span class='ocr_line' id='line_1_5' title="bbox 208 1779 1246 1865; baseline 0.002 -20"><span class='ocrx_word' id='word_1_23' title='bbox 208 1781 323 1846; x_wconf 87' lang='lat' dir='ltr'><strong>mentis</strong></span> <span class='ocrx_word' id='word_1_24' title='bbox 346 1788 467 1846; x_wconf 84' lang='lat' dir='ltr'><strong>nostrae</strong></span> <span class='ocrx_word' id='word_1_25' title='bbox 489 1783 580 1848; x_wconf 88' lang='lat' dir='ltr'><strong>atria.</strong></span> <span class='ocrx_word' id='word_1_26' title='bbox 884 1782 991 1846; x_wconf 89' lang='lat' dir='ltr'><strong>lumen</strong></span> <span class='ocrx_word' id='word_1_27' title='bbox 1013 1779 1073 1845; x_wconf 91' lang='lat' dir='ltr'><strong>das</strong></span> <span class='ocrx_word' id='word_1_28' title='bbox 1095 1781 1246 1865; x_wconf 80' lang='lat' dir='ltr'><strong>propitia.</strong></span> 
     </span>
    </p>
   </div>
   <div class='ocr_carea' id='block_1_3' title="bbox 164 1968 1447 2361">
    <p class='ocr_par' dir='ltr' id='par_1_5' title="bbox 164 1968 1447 2361">
     <span class='ocr_line' id='line_1_6' title="bbox 165 1968 1224 2055; baseline 0.001 -19"><span class='ocrx_word' id='word_1_29' title='bbox 165 1970 394 2055; x_wconf 74' lang='lat' dir='ltr'><strong>Paupertatem</strong></span> <span class='ocrx_word' id='word_1_30' title='bbox 412 1971 556 2053; x_wconf 79' lang='lat' dir='ltr'><strong>elegisti,</strong></span> <span class='ocrx_word' id='word_1_31' title='bbox 767 1971 788 2035; x_wconf 76' lang='lat' dir='ltr'><strong>b</strong></span> <span class='ocrx_word' id='word_1_32' title='bbox 842 1968 1002 2053; x_wconf 82' lang='lat' dir='ltr'><strong>Obeata,</strong></span> <span class='ocrx_word' id='word_1_33' title='bbox 1023 1987 1045 2036; x_wconf 92' lang='lat' dir='ltr'><strong>o</strong></span> <span class='ocrx_word' id='word_1_34' title='bbox 1066 1971 1224 2055; x_wconf 79' lang='lat' dir='ltr'><strong>benigna,</strong></span> 
     </span>
     <span class='ocr_line' id='line_1_7' title="bbox 166 2073 1312 2158; baseline 0.002 -20"><span class='ocrx_word' id='word_1_35' title='bbox 166 2094 301 2157; x_wconf 82' lang='lat' dir='ltr'><strong>reguum</strong></span> <span class='ocrx_word' id='word_1_36' title='bbox 324 2074 434 2138; x_wconf 91' lang='lat' dir='ltr'><strong>mundi</strong></span> <span class='ocrx_word' id='word_1_37' title='bbox 455 2073 693 2157; x_wconf 75' lang='lat' dir='ltr'><strong>contempsisti,</strong></span> <span class='ocrx_word' id='word_1_38' title='bbox 841 2081 945 2139; x_wconf 85' lang='lat' dir='ltr'><strong>mater</strong></span> <span class='ocrx_word' id='word_1_39' title='bbox 966 2075 1052 2139; x_wconf 91' lang='lat' dir='ltr'><strong>omni</strong></span> <span class='ocrx_word' id='word_1_40' title='bbox 1074 2073 1171 2139; x_wconf 85' lang='lat' dir='ltr'><strong>laude</strong></span> <span class='ocrx_word' id='word_1_41' title='bbox 1194 2074 1312 2158; x_wconf 72' lang='lat' dir='ltr'><strong>digna,</strong></span> 
     </span>
     <span class='ocr_line' id='line_1_8' title="bbox 164 2175 1270 2260; baseline 0.002 -20"><span class='ocrx_word' id='word_1_42' title='bbox 164 2195 226 2260; x_wconf 91' lang='lat' dir='ltr'><strong>pro</strong></span> <span class='ocrx_word' id='word_1_43' title='bbox 249 2195 314 2258; x_wconf 88' lang='lat' dir='ltr'><strong>quo</strong></span> <span class='ocrx_word' id='word_1_44' title='bbox 336 2195 471 2258; x_wconf 79' lang='lat' dir='ltr'><strong>regnum</strong></span> <span class='ocrx_word' id='word_1_45' title='bbox 492 2175 574 2241; x_wconf 78' lang='lat' dir='ltr'><strong>lesu</strong></span> <span class='ocrx_word' id='word_1_46' title='bbox 596 2175 715 2241; x_wconf 80' lang='lat' dir='ltr'><strong>christi</strong></span> <span class='ocrx_word' id='word_1_47' title='bbox 841 2194 939 2241; x_wconf 84' lang='lat' dir='ltr'><strong>serva</strong></span> <span class='ocrx_word' id='word_1_48' title='bbox 961 2184 1034 2240; x_wconf 92' lang='lat' dir='ltr'><strong>tuos</strong></span> <span class='ocrx_word' id='word_1_49' title='bbox 1055 2184 1091 2240; x_wconf 88' lang='lat' dir='ltr'><strong>et</strong></span> <span class='ocrx_word' id='word_1_50' title='bbox 1111 2177 1270 2260; x_wconf 77' lang='lat' dir='ltr'><strong>consigna</strong></span> 
     </span>
     <span class='ocr_line' id='line_1_9' title="bbox 208 2275 1447 2361; baseline -0.001 -21"><span class='ocrx_word' id='word_1_51' title='bbox 208 2277 359 2361; x_wconf 79' lang='lat' dir='ltr'><strong>possides</strong></span> <span class='ocrx_word' id='word_1_52' title='bbox 381 2296 452 2343; x_wconf 91' lang='lat' dir='ltr'><strong>cum</strong></span> <span class='ocrx_word' id='word_1_53' title='bbox 474 2278 589 2360; x_wconf 81' lang='lat' dir='ltr'><strong>gloria.</strong></span> <span class='ocrx_word' id='word_1_54' title='bbox 885 2285 1069 2343; x_wconf 90' lang='lat' dir='ltr'><strong>sanctorum</strong></span> <span class='ocrx_word' id='word_1_55' title='bbox 1090 2277 1212 2344; x_wconf 68' lang='lat' dir='ltr'><strong>laetitia</strong></span> <span class='ocrx_word' id='word_1_56' title='bbox 1411 2275 1447 2349; x_wconf 75' lang='lat' dir='ltr'><strong>ll,</strong></span> 
     </span>
    </p>
   </div>
   <div class='ocr_carea' id='block_1_4' title="bbox 165 2464 1311 2858">
    <p class='ocr_par' dir='ltr' id='par_1_6' title="bbox 166 2464 1311 2552">
     <span class='ocr_line' id='line_1_10' title="bbox 166 2464 1311 2552; baseline 0.002 -20"><span class='ocrx_word' id='word_1_57' title='bbox 166 2465 347 2532; x_wconf 80' lang='lat' dir='ltr'><strong>Sanctitate</strong></span> <span class='ocrx_word' id='word_1_58' title='bbox 368 2483 433 2531; x_wconf 89' lang='lat' dir='ltr'><strong>nou</strong></span> <span class='ocrx_word' id='word_1_59' title='bbox 454 2464 588 2552; x_wconf 86' lang='lat' dir='ltr'><strong>pusilla,</strong></span> <span class='ocrx_word' id='word_1_60' title='bbox 840 2465 910 2531; x_wconf 88' lang='lat' dir='ltr'><strong>Nos</strong></span> <span class='ocrx_word' id='word_1_61' title='bbox 932 2474 1101 2531; x_wconf 80' lang='lat' dir='ltr'><strong>consortes</strong></span> <span class='ocrx_word' id='word_1_62' title='bbox 1123 2474 1190 2533; x_wconf 82' lang='lat' dir='ltr'><strong>tuae</strong></span> <span class='ocrx_word' id='word_1_63' title='bbox 1212 2469 1311 2534; x_wconf 89' lang='lat' dir='ltr'><strong>sortis</strong></span> 
     </span>
    </p>

    <p class='ocr_par' dir='ltr' id='par_1_7' title="bbox 166 2566 1290 2655">
     <span class='ocr_line' id='line_1_11' title="bbox 166 2566 1290 2655; baseline 0.001 -20"><span class='ocrx_word' id='word_1_64' title='bbox 166 2569 312 2653; x_wconf 87' lang='lat' dir='ltr'><strong>quamvis</strong></span> <span class='ocrx_word' id='word_1_65' title='bbox 334 2586 512 2652; x_wconf 91' lang='lat' dir='ltr'><strong>pauperum</strong></span> <span class='ocrx_word' id='word_1_66' title='bbox 534 2566 668 2649; x_wconf 85' lang='lat' dir='ltr'><strong>ancilla,</strong></span> <span class='ocrx_word' id='word_1_67' title='bbox 748 2568 787 2632; x_wconf 86' lang='lat' dir='ltr'><strong>to</strong></span> <span class='ocrx_word' id='word_1_68' title='bbox 841 2567 895 2632; x_wconf 83' lang='lat' dir='ltr'><strong>iac</strong></span> <span class='ocrx_word' id='word_1_69' title='bbox 917 2589 937 2632; x_wconf 90' lang='lat' dir='ltr'><strong>a</strong></span> <span class='ocrx_word' id='word_1_70' title='bbox 959 2569 1063 2652; x_wconf 83' lang='lat' dir='ltr'><strong>poenis</strong></span> <span class='ocrx_word' id='word_1_71' title='bbox 1085 2577 1120 2633; x_wconf 91' lang='lat' dir='ltr'><strong>et</strong></span> <span class='ocrx_word' id='word_1_72' title='bbox 1140 2589 1161 2635; x_wconf 86' lang='lat' dir='ltr'><strong>a</strong></span> <span class='ocrx_word' id='word_1_73' title='bbox 1182 2572 1290 2655; x_wconf 83' lang='lat' dir='ltr'><strong>portis</strong></span> 
     </span>
    </p>

    <p class='ocr_par' dir='ltr' id='par_1_8' title="bbox 165 2670 1284 2858">
     <span class='ocr_line' id='line_1_12' title="bbox 165 2670 1284 2754; baseline 0 -17"><span class='ocrx_word' id='word_1_74' title='bbox 165 2692 244 2739; x_wconf 85' lang='lat' dir='ltr'><strong>vere</strong></span> <span class='ocrx_word' id='word_1_75' title='bbox 266 2679 370 2736; x_wconf 89' lang='lat' dir='ltr'><strong>mater</strong></span> <span class='ocrx_word' id='word_1_76' title='bbox 392 2678 427 2735; x_wconf 88' lang='lat' dir='ltr'><strong>tu</strong></span> <span class='ocrx_word' id='word_1_77' title='bbox 448 2688 496 2754; x_wconf 91' lang='lat' dir='ltr'><strong>es,</strong></span> <span class='ocrx_word' id='word_1_78' title='bbox 518 2670 575 2734; x_wconf 91' lang='lat' dir='ltr'><strong>illa</strong></span> <span class='ocrx_word' id='word_1_79' title='bbox 840 2678 1043 2736; x_wconf 88' lang='lat' dir='ltr'><strong>transeamus</strong></span> <span class='ocrx_word' id='word_1_80' title='bbox 1064 2670 1147 2737; x_wconf 87' lang='lat' dir='ltr'><strong>hora</strong></span> <span class='ocrx_word' id='word_1_81' title='bbox 1168 2673 1284 2737; x_wconf 83' lang='lat' dir='ltr'><strong>mortis</strong></span> 
     </span>
     <span class='ocr_line' id='line_1_13' title="bbox 209 2772 1229 2858; baseline 0.001 -18"><span class='ocrx_word' id='word_1_82' title='bbox 209 2796 282 2858; x_wconf 85' lang='lat' dir='ltr'><strong>quae</strong></span> <span class='ocrx_word' id='word_1_83' title='bbox 302 2782 396 2858; x_wconf 90' lang='lat' dir='ltr'><strong>potes</strong></span> <span class='ocrx_word' id='word_1_84' title='bbox 419 2793 462 2838; x_wconf 83' lang='lat' dir='ltr'><strong>ex</strong></span> <span class='ocrx_word' id='word_1_85' title='bbox 483 2774 599 2856; x_wconf 79' lang='lat' dir='ltr'><strong>gratia.</strong></span> <span class='ocrx_word' id='word_1_86' title='bbox 886 2772 927 2837; x_wconf 90' lang='lat' dir='ltr'><strong>ad</strong></span> <span class='ocrx_word' id='word_1_87' title='bbox 953 2781 1077 2839; x_wconf 79' lang='lat' dir='ltr'><strong>oetema</strong></span> <span class='ocrx_word' id='word_1_88' title='bbox 1098 2774 1229 2857; x_wconf 71' lang='lat' dir='ltr'><strong>gaudia</strong></span> 
     </span>
    </p>
   </div>
   <div class='ocr_carea' id='block_1_5' title="bbox 253 2956 759 3148">
    <p class='ocr_par' dir='ltr' id='par_1_9' title="bbox 253 2956 759 3148">
     <span class='ocr_line' id='line_1_14' title="bbox 253 2956 734 3029; baseline -0.004 -16"><span class='ocrx_word' id='word_1_89' title='bbox 253 2958 302 3013; x_wconf 85' lang='lat' dir='ltr'><strong>lla.</strong></span> <span class='ocrx_word' id='word_1_90' title='bbox 323 2975 358 3012; x_wconf 82' lang='grc' dir='ltr'><strong>ιιι</strong></span> <span class='ocrx_word' id='word_1_91' title='bbox 375 2957 461 3013; x_wconf 80' lang='lat' dir='ltr'><strong>Grata</strong></span> <span class='ocrx_word' id='word_1_92' title='bbox 478 2960 567 3029; x_wconf 70' lang='lat' dir='ltr'><strong>llllil.</strong></span> <span class='ocrx_word' id='word_1_93' title='bbox 587 2960 620 3012; x_wconf 87' lang='grc'><strong>13</strong></span> <span class='ocrx_word' id='word_1_94' title='bbox 637 2956 734 3013; x_wconf 76' lang='lat' dir='ltr'><strong>lauru</strong></span> 
     </span>
     <span class='ocr_line' id='line_1_15' title="bbox 254 3073 759 3148; baseline 0.002 -17"><span class='ocrx_word' id='word_1_95' title='bbox 254 3078 270 3131; x_wconf 87' lang='lat'>1</span> <span class='ocrx_word' id='word_1_96' title='bbox 289 3076 370 3148; x_wconf 78' lang='lat' dir='ltr'><strong>lllyn.</strong></span> <span class='ocrx_word' id='word_1_97' title='bbox 387 3076 433 3132; x_wconf 81' lang='lat' dir='ltr'><strong>Hs</strong></span> <span class='ocrx_word' id='word_1_98' title='bbox 453 3073 570 3148; x_wconf 69' lang='lat' dir='ltr'><strong>hfiufige</strong></span> <span class='ocrx_word' id='word_1_99' title='bbox 588 3075 759 3132; x_wconf 71' lang='lat' dir='ltr'><strong>sturemare</strong></span> 
     </span>
    </p>
   </div>
   <div class='ocr_carea' id='block_1_6' title="bbox 167 3228 1443 3375">
    <p class='ocr_par' dir='ltr' id='par_1_10' title="bbox 167 3228 1443 3375">
     <span class='ocr_line' id='line_1_16' title="bbox 167 3228 1443 3375; baseline 0.004 -92"><span class='ocrx_word' id='word_1_100' title='bbox 167 3317 185 3372; x_wconf 72' lang='lat' dir='ltr'>d</span> <span class='ocrx_word' id='word_1_101' title='bbox 234 3231 290 3375; x_wconf 71' lang='lat' dir='ltr'><strong>Mlnl</strong></span> <span class='ocrx_word' id='word_1_102' title='bbox 307 3230 385 3370; x_wconf 52' lang='lat' dir='ltr'><strong>{liner</strong></span> <span class='ocrx_word' id='word_1_103' title='bbox 402 3230 451 3285; x_wconf 83' lang='lat' dir='ltr'><strong>lls</strong></span> <span class='ocrx_word' id='word_1_104' title='bbox 467 3246 503 3285; x_wconf 81' lang='lat' dir='ltr'><strong>su</strong></span> <span class='ocrx_word' id='word_1_105' title='bbox 520 3229 711 3302; x_wconf 69' lang='lat' dir='ltr'><strong>Kreuslingen</strong></span> <span class='ocrx_word' id='word_1_106' title='bbox 735 3229 785 3287; x_wconf 85' lang='lat' dir='ltr'><strong>des</strong></span> <span class='ocrx_word' id='word_1_107' title='bbox 811 3234 845 3287; x_wconf 78' lang='lat' dir='ltr'><strong>tl</strong></span> <span class='ocrx_word' id='word_1_108' title='bbox 860 3232 960 3289; x_wconf 77' lang='lat' dir='ltr'><strong>lemn</strong></span> <span class='ocrx_word' id='word_1_109' title='bbox 985 3233 1060 3291; x_wconf 86' lang='lat' dir='ltr'><strong>steht</strong></span> <span class='ocrx_word' id='word_1_110' title='bbox 1081 3231 1217 3307; x_wconf 74' lang='lat' dir='ltr'><strong>folgende</strong></span> <span class='ocrx_word' id='word_1_111' title='bbox 1234 3236 1388 3309; x_wconf 75' lang='lat' dir='ltr'><strong>Antiphone</strong></span> <span class='ocrx_word' id='word_1_112' title='bbox 1406 3228 1443 3288; x_wconf 73' lang='lat' dir='ltr'><strong>nil</strong></span> 
     </span>
     <span class='ocr_line' id='line_1_17' title="bbox 185 3332 368 3373; baseline -0.016 -1"><span class='ocrx_word' id='word_1_113' title='bbox 185 3332 217 3372; x_wconf 85' lang='lat' dir='ltr'><strong>er</strong></span> <span class='ocrx_word' id='word_1_114' title='bbox 262 3334 308 3373; x_wconf 89' lang='lat' dir='ltr'><strong>ao</strong></span> <span class='ocrx_word' id='word_1_115' title='bbox 338 3332 368 3370; x_wconf 89' lang='lat' dir='ltr'><strong>e:</strong></span> 
     </span>
    </p>
   </div>
   <div class='ocr_carea' id='block_1_7' title="bbox 270 3417 1378 3674">
    <p class='ocr_par' dir='ltr' id='par_1_11' title="bbox 270 3417 1378 3674">
     <span class='ocr_line' id='line_1_18' title="bbox 270 3417 1223 3497; baseline 0.003 -20"><span class='ocrx_word' id='word_1_116' title='bbox 270 3420 417 3477; x_wconf 83' lang='lat' dir='ltr'><strong>Elisabeth</strong></span> <span class='ocrx_word' id='word_1_117' title='bbox 435 3421 541 3478; x_wconf 79' lang='lat' dir='ltr'><strong>Christi</strong></span> <span class='ocrx_word' id='word_1_118' title='bbox 559 3417 673 3491; x_wconf 80' lang='lat' dir='ltr'><strong>famula,</strong></span> <span class='ocrx_word' id='word_1_119' title='bbox 891 3423 986 3479; x_wconf 83' lang='lat' dir='ltr'><strong>mundi</strong></span> <span class='ocrx_word' id='word_1_120' title='bbox 1004 3424 1117 3497; x_wconf 78' lang='lat' dir='ltr'><strong>relegat</strong></span> <span class='ocrx_word' id='word_1_121' title='bbox 1133 3423 1223 3495; x_wconf 78' lang='lat' dir='ltr'><strong>vitia3</strong></span> 
     </span>
     <span class='ocr_line' id='line_1_19' title="bbox 270 3505 1328 3581; baseline 0.007 -20"><span class='ocrx_word' id='word_1_122' title='bbox 270 3506 435 3562; x_wconf 85' lang='lat' dir='ltr'><strong>humilitatis</strong></span> <span class='ocrx_word' id='word_1_123' title='bbox 454 3506 568 3575; x_wconf 81' lang='lat' dir='ltr'><strong>aemula,</strong></span> <span class='ocrx_word' id='word_1_124' title='bbox 894 3524 976 3579; x_wconf 83' lang='lat' dir='ltr'><strong>quam</strong></span> <span class='ocrx_word' id='word_1_125' title='bbox 994 3505 1073 3565; x_wconf 79' lang='lat' dir='ltr'><strong>fusus</strong></span> <span class='ocrx_word' id='word_1_126' title='bbox 1091 3508 1184 3580; x_wconf 85' lang='lat' dir='ltr'><strong>pascit</strong></span> <span class='ocrx_word' id='word_1_127' title='bbox 1200 3509 1328 3581; x_wconf 80' lang='lat' dir='ltr'><strong>viduam,</strong></span> 
     </span>
     <span class='ocr_line' id='line_1_20' title="bbox 273 3592 1378 3674; baseline 0.005 -25"><span class='ocrx_word' id='word_1_128' title='bbox 273 3592 447 3665; x_wconf 84' lang='lat' dir='ltr'><strong>paupertatis</strong></span> <span class='ocrx_word' id='word_1_129' title='bbox 465 3592 607 3674; x_wconf 73' lang='lat' dir='ltr'><strong>nutricula</strong></span> <span class='ocrx_word' id='word_1_130' title='bbox 895 3594 1011 3665; x_wconf 82' lang='lat' dir='ltr'><strong>squalor</strong></span> <span class='ocrx_word' id='word_1_131' title='bbox 1029 3594 1155 3652; x_wconf 88' lang='lat' dir='ltr'><strong>oblectat</strong></span> <span class='ocrx_word' id='word_1_132' title='bbox 1171 3597 1378 3670; x_wconf 82' lang='lat' dir='ltr'><strong>pauperculam</strong></span> 
     </span>
    </p>
   </div>
   <div class='ocr_carea' id='block_1_8' title="bbox 456 3874 1179 3951">
    <p class='ocr_par' dir='ltr' id='par_1_12' title="bbox 456 3874 1179 3951">
     <span class='ocr_line' id='line_1_21' title="bbox 456 3874 1179 3951; baseline -0.001 -1"><span class='ocrx_word' id='word_1_133' title='bbox 456 3877 541 3950; x_wconf 83' lang='lat'><strong>900.</strong></span> <span class='ocrx_word' id='word_1_134' title='bbox 572 3874 730 3948; x_wconf 82' lang='lat' dir='ltr'><strong>Oraison</strong></span> <span class='ocrx_word' id='word_1_135' title='bbox 754 3875 798 3948; x_wconf 85' lang='lat' dir='ltr'><strong>de</strong></span> <span class='ocrx_word' id='word_1_136' title='bbox 824 3878 956 3949; x_wconf 83' lang='lat' dir='ltr'><strong>saincte</strong></span> <span class='ocrx_word' id='word_1_137' title='bbox 981 3876 1179 3951; x_wconf 80' lang='lat' dir='ltr'><strong>Elisabeth.</strong></span> 
     </span>
    </p>
   </div>
   <div class='ocr_carea' id='block_1_9' title="bbox 164 4078 1454 4470">
    <p class='ocr_par' dir='ltr' id='par_1_13' title="bbox 164 4078 1454 4371">
     <span class='ocr_line' id='line_1_22' title="bbox 164 4078 1287 4167; baseline 0.004 -21"><span class='ocrx_word' id='word_1_138' title='bbox 164 4080 239 4147; x_wconf 83' lang='lat' dir='ltr'><strong>Ave</strong></span> <span class='ocrx_word' id='word_1_139' title='bbox 262 4098 389 4164; x_wconf 80' lang='lat' dir='ltr'><strong>gemma</strong></span> <span class='ocrx_word' id='word_1_140' title='bbox 411 4080 578 4163; x_wconf 85' lang='lat' dir='ltr'><strong>speciosa,</strong></span> <span class='ocrx_word' id='word_1_141' title='bbox 841 4078 957 4144; x_wconf 90' lang='lat' dir='ltr'><strong>Saram</strong></span> <span class='ocrx_word' id='word_1_142' title='bbox 980 4098 1120 4164; x_wconf 88' lang='lat' dir='ltr'><strong>sequens</strong></span> <span class='ocrx_word' id='word_1_143' title='bbox 1141 4080 1208 4147; x_wconf 88' lang='lat' dir='ltr'><strong>fide</strong></span> <span class='ocrx_word' id='word_1_144' title='bbox 1229 4082 1287 4167; x_wconf 87' lang='lat' dir='ltr'><strong>pia</strong></span> 
     </span>
     <span class='ocr_line' id='line_1_23' title="bbox 166 4175 1454 4267; baseline -0.004 -17"><span class='ocrx_word' id='word_1_145' title='bbox 166 4186 332 4250; x_wconf 88' lang='lat' dir='ltr'><strong>mulierum</strong></span> <span class='ocrx_word' id='word_1_146' title='bbox 356 4183 461 4265; x_wconf 89' lang='lat' dir='ltr'><strong>sidus,</strong></span> <span class='ocrx_word' id='word_1_147' title='bbox 484 4202 575 4265; x_wconf 88' lang='lat' dir='ltr'><strong>rosa,</strong></span> <span class='ocrx_word' id='word_1_148' title='bbox 831 4191 876 4265; x_wconf 91' lang='lat' dir='ltr'><strong>et</strong></span> <span class='ocrx_word' id='word_1_149' title='bbox 896 4181 1080 4249; x_wconf 85' lang='lat' dir='ltr'><strong>Rebeccam</strong></span> <span class='ocrx_word' id='word_1_150' title='bbox 1102 4182 1295 4267; x_wconf 80' lang='lat' dir='ltr'><strong>prudentia,</strong></span> <span class='ocrx_word' id='word_1_151' title='bbox 1419 4175 1454 4245; x_wconf 77' lang='lat' dir='ltr'><strong>lt</strong></span> 
     </span>
     <span class='ocr_line' id='line_1_24' title="bbox 165 4287 1197 4371; baseline -0.002 -17"><span class='ocrx_word' id='word_1_152' title='bbox 165 4297 199 4354; x_wconf 85' lang='lat' dir='ltr'><strong>et</strong></span> <span class='ocrx_word' id='word_1_153' title='bbox 220 4289 324 4371; x_wconf 81' lang='lat' dir='ltr'><strong>regali</strong></span> <span class='ocrx_word' id='word_1_154' title='bbox 348 4290 449 4371; x_wconf 90' lang='lat' dir='ltr'><strong>stirpe</strong></span> <span class='ocrx_word' id='word_1_155' title='bbox 472 4296 567 4366; x_wconf 91' lang='lat' dir='ltr'><strong>nata,</strong></span> <span class='ocrx_word' id='word_1_156' title='bbox 842 4304 863 4351; x_wconf 92' lang='lat' dir='ltr'><strong>o</strong></span> <span class='ocrx_word' id='word_1_157' title='bbox 886 4287 1018 4369; x_wconf 89' lang='lat' dir='ltr'><strong>dilecta,</strong></span> <span class='ocrx_word' id='word_1_158' title='bbox 1040 4304 1063 4351; x_wconf 88' lang='lat' dir='ltr'><strong>o</strong></span> <span class='ocrx_word' id='word_1_159' title='bbox 1084 4289 1197 4369; x_wconf 88' lang='lat' dir='ltr'><strong>beata,</strong></span> 
     </span>
    </p>

    <p class='ocr_par' dir='ltr' id='par_1_14' title="bbox 164 4387 1248 4470">
     <span class='ocr_line' id='line_1_25' title="bbox 164 4387 1248 4470; baseline -0.001 -16"><span class='ocrx_word' id='word_1_160' title='bbox 164 4410 249 4456; x_wconf 92' lang='lat' dir='ltr'><strong>nunc</strong></span> <span class='ocrx_word' id='word_1_161' title='bbox 270 4391 303 4454; x_wconf 94' lang='lat' dir='ltr'><strong>in</strong></span> <span class='ocrx_word' id='word_1_162' title='bbox 327 4390 417 4455; x_wconf 88' lang='lat' dir='ltr'><strong>coelis</strong></span> <span class='ocrx_word' id='word_1_163' title='bbox 440 4398 604 4455; x_wconf 89' lang='lat' dir='ltr'><strong>coronata.</strong></span> <span class='ocrx_word' id='word_1_164' title='bbox 842 4396 955 4453; x_wconf 91' lang='lat' dir='ltr'><strong>nostra</strong></span> <span class='ocrx_word' id='word_1_165' title='bbox 976 4397 1048 4452; x_wconf 91' lang='lat' dir='ltr'><strong>esto</strong></span> <span class='ocrx_word' id='word_1_166' title='bbox 1070 4387 1248 4470; x_wconf 86' lang='lat' dir='ltr'><strong>advocata,</strong></span> 
     </span>
    </p>
   </div>
   <div class='ocr_carea' id='block_1_10' title="bbox 164 4574 1335 4767">
    <p class='ocr_par' dir='ltr' id='par_1_15' title="bbox 164 4574 1335 4767">
     <span class='ocr_line' id='line_1_26' title="bbox 164 4574 1335 4663; baseline 0.006 -23"><span class='ocrx_word' id='word_1_167' title='bbox 164 4574 287 4640; x_wconf 84' lang='lat' dir='ltr'><strong>Mundo</strong></span> <span class='ocrx_word' id='word_1_168' title='bbox 309 4575 388 4638; x_wconf 87' lang='lat' dir='ltr'><strong>licet</strong></span> <span class='ocrx_word' id='word_1_169' title='bbox 408 4576 480 4639; x_wconf 83' lang='lat' dir='ltr'><strong>viro</strong></span> <span class='ocrx_word' id='word_1_170' title='bbox 503 4574 595 4655; x_wconf 85' lang='lat' dir='ltr'><strong>(lata,</strong></span> <span class='ocrx_word' id='word_1_171' title='bbox 770 4579 790 4638; x_wconf 85' lang='grc'><strong><em>5</em></strong></span> <span class='ocrx_word' id='word_1_172' title='bbox 842 4576 887 4643; x_wconf 88' lang='lat' dir='ltr'><strong>Ut</strong></span> <span class='ocrx_word' id='word_1_173' title='bbox 909 4585 1100 4661; x_wconf 86' lang='lat' dir='ltr'><strong>quantorum</strong></span> <span class='ocrx_word' id='word_1_174' title='bbox 1121 4588 1335 4663; x_wconf 90' lang='lat' dir='ltr'><strong>peccatorum</strong></span> 
     </span>
     <span class='ocr_line' id='line_1_27' title="bbox 166 4676 1316 4767; baseline 0.005 -25"><span class='ocrx_word' id='word_1_175' title='bbox 166 4678 296 4742; x_wconf 80' lang='lat' dir='ltr'><strong>Christo</strong></span> <span class='ocrx_word' id='word_1_176' title='bbox 319 4687 426 4743; x_wconf 86' lang='lat' dir='ltr'><strong>tamen</strong></span> <span class='ocrx_word' id='word_1_177' title='bbox 449 4676 645 4761; x_wconf 88' lang='lat' dir='ltr'><strong>desponsata</strong></span> <span class='ocrx_word' id='word_1_178' title='bbox 843 4681 891 4744; x_wconf 89' lang='lat' dir='ltr'><strong>sio</strong></span> <span class='ocrx_word' id='word_1_179' title='bbox 912 4679 1039 4744; x_wconf 88' lang='lat' dir='ltr'><strong>veniam</strong></span> <span class='ocrx_word' id='word_1_180' title='bbox 1061 4697 1316 4767; x_wconf 89' lang='lat' dir='ltr'><strong>consequamur,</strong></span> 
     </span>
    </p>
   </div>
   <div class='ocr_carea' id='block_1_11' title="bbox 165 4782 1464 4968">
    <p class='ocr_par' dir='ltr' id='par_1_16' title="bbox 165 4782 1464 4968">
     <span class='ocr_line' id='line_1_28' title="bbox 165 4782 1464 4866; baseline -0.001 -19"><span class='ocrx_word' id='word_1_181' title='bbox 165 4782 331 4863; x_wconf 89' lang='lat' dir='ltr'><strong>utriusque</strong></span> <span class='ocrx_word' id='word_1_182' title='bbox 355 4782 520 4866; x_wconf 88' lang='lat' dir='ltr'><strong>sponsalia</strong></span> <span class='ocrx_word' id='word_1_183' title='bbox 825 4783 930 4865; x_wconf 16' lang='lat' dir='ltr'><strong>*quod</strong></span> <span class='ocrx_word' id='word_1_184' title='bbox 953 4789 1113 4846; x_wconf 90' lang='lat' dir='ltr'><strong>tantorum</strong></span> <span class='ocrx_word' id='word_1_185' title='bbox 1134 4791 1211 4866; x_wconf 85' lang='lat' dir='ltr'><strong>post</strong></span> <span class='ocrx_word' id='word_1_186' title='bbox 1233 4782 1384 4851; x_wconf 85' lang='lat' dir='ltr'><strong>laborum</strong></span> <span class='ocrx_word' id='word_1_187' title='bbox 1429 4784 1464 4849; x_wconf 80' lang='lat'><strong>1⁵</strong></span> 
     </span>
     <span class='ocr_line' id='line_1_29' title="bbox 167 4883 1288 4968; baseline 0.003 -19"><span class='ocrx_word' id='word_1_188' title='bbox 167 4887 260 4949; x_wconf 90' lang='lat' dir='ltr'><strong>simul</strong></span> <span class='ocrx_word' id='word_1_189' title='bbox 282 4905 396 4951; x_wconf 90' lang='lat' dir='ltr'><strong>servas</strong></span> <span class='ocrx_word' id='word_1_190' title='bbox 418 4887 558 4968; x_wconf 89' lang='lat' dir='ltr'><strong>illibata,</strong></span> <span class='ocrx_word' id='word_1_191' title='bbox 616 4890 619 4897; x_wconf 85' lang='grc'><strong>’</strong></span> <span class='ocrx_word' id='word_1_192' title='bbox 843 4883 939 4952; x_wconf 88' lang='lat' dir='ltr'><strong>linem</strong></span> <span class='ocrx_word' id='word_1_193' title='bbox 961 4894 1066 4951; x_wconf 88' lang='lat' dir='ltr'><strong>tecum</strong></span> <span class='ocrx_word' id='word_1_194' title='bbox 1087 4885 1288 4967; x_wconf 80' lang='lat' dir='ltr'><strong>gradiamur.</strong></span> 
     </span>
    </p>
   </div>
   <div class='ocr_carea' id='block_1_12' title="bbox 167 5050 1470 5301">
    <p class='ocr_par' dir='ltr' id='par_1_17' title="bbox 167 5050 1470 5301">
     <span class='ocr_line' id='line_1_30' title="bbox 255 5050 1469 5128; baseline 0.006 -23"><span class='ocrx_word' id='word_1_195' title='bbox 255 5051 303 5106; x_wconf 89' lang='lat' dir='ltr'><strong>lls.</strong></span> <span class='ocrx_word' id='word_1_196' title='bbox 324 5053 401 5108; x_wconf 85' lang='lat' dir='ltr'><strong>eines</strong></span> <span class='ocrx_word' id='word_1_197' title='bbox 419 5050 542 5109; x_wconf 70' lang='lat' dir='ltr'><strong>frusta.</strong></span> <span class='ocrx_word' id='word_1_198' title='bbox 556 5052 691 5108; x_wconf 83' lang='lat' dir='ltr'><strong>Breviers</strong></span> <span class='ocrx_word' id='word_1_199' title='bbox 709 5052 747 5107; x_wconf 88' lang='lat' dir='ltr'><strong>im</strong></span> <span class='ocrx_word' id='word_1_200' title='bbox 758 5050 958 5121; x_wconf 78' lang='lat' dir='ltr'><strong>Privatbesits,</strong></span> <span class='ocrx_word' id='word_1_201' title='bbox 977 5052 1011 5105; x_wconf 77' lang='lat'><strong>15</strong></span> <span class='ocrx_word' id='word_1_202' title='bbox 1023 5050 1133 5121; x_wconf 80' lang='lat' dir='ltr'><strong>Jahrb,</strong></span> <span class='ocrx_word' id='word_1_203' title='bbox 1150 5052 1197 5108; x_wconf 87' lang='lat' dir='ltr'><strong>‹lie</strong></span> <span class='ocrx_word' id='word_1_204' title='bbox 1214 5053 1319 5111; x_wconf 75' lang='lat' dir='ltr'><strong>kainon</strong></span> <span class='ocrx_word' id='word_1_205' title='bbox 1333 5054 1469 5128; x_wconf 67' lang='lat' dir='ltr'><strong>riclfigaa</strong></span> 
     </span>
     <span class='ocr_line' id='line_1_31' title="bbox 167 5136 1470 5216; baseline 0.006 -24"><span class='ocrx_word' id='word_1_206' title='bbox 167 5138 239 5193; x_wconf 79' lang='lat' dir='ltr'><strong>Text</strong></span> <span class='ocrx_word' id='word_1_207' title='bbox 256 5137 352 5195; x_wconf 85' lang='lat' dir='ltr'><strong>liefert</strong></span> <span class='ocrx_word' id='word_1_208' title='bbox 380 5143 445 5211; x_wconf 73' lang='grc' dir='ltr'><strong>(Δ)</strong></span> <span class='ocrx_word' id='word_1_209' title='bbox 482 5141 522 5196; x_wconf 81' lang='lat' dir='ltr'><strong>lm</strong></span> <span class='ocrx_word' id='word_1_210' title='bbox 548 5139 687 5195; x_wconf 78' lang='lat' dir='ltr'><strong>Hortalus</strong></span> <span class='ocrx_word' id='word_1_211' title='bbox 715 5139 832 5208; x_wconf 73' lang='lat' dir='ltr'><strong>anima,</strong></span> <span class='ocrx_word' id='word_1_212' title='bbox 859 5136 959 5194; x_wconf 75' lang='lat' dir='ltr'><strong>tras.</strong></span> <span class='ocrx_word' id='word_1_213' title='bbox 985 5137 1030 5193; x_wconf 84' lang='lat' dir='ltr'><strong>als</strong></span> <span class='ocrx_word' id='word_1_214' title='bbox 1047 5139 1211 5211; x_wconf 71' lang='lat' dir='ltr'><strong>Antiphone</strong></span> <span class='ocrx_word' id='word_1_215' title='bbox 1237 5142 1304 5216; x_wconf 84' lang='grc' dir='ltr'>(Β).</span> <span class='ocrx_word' id='word_1_216' title='bbox 1339 5142 1420 5199; x_wconf 75' lang='lat' dir='ltr'><strong>Aaeb</strong></span> <span class='ocrx_word' id='word_1_217' title='bbox 1434 5141 1470 5199; x_wconf 81' lang='grc' dir='ltr'><strong>ἰι</strong></span> 
     </span>
     <span class='ocr_line' id='line_1_32' title="bbox 167 5223 1245 5301; baseline 0.004 -22"><span class='ocrx_word' id='word_1_218' title='bbox 167 5224 376 5281; x_wconf 76' lang='lat' dir='ltr'><strong>Antidotarium</strong></span> <span class='ocrx_word' id='word_1_219' title='bbox 394 5227 503 5295; x_wconf 80' lang='lat' dir='ltr'><strong>ammae,</strong></span> <span class='ocrx_word' id='word_1_220' title='bbox 522 5223 542 5282; x_wconf 85' lang='lat' dir='ltr'><strong>s.</strong></span> <span class='ocrx_word' id='word_1_221' title='bbox 565 5228 616 5281; x_wconf 80' lang='lat'><strong>155</strong></span> <span class='ocrx_word' id='word_1_222' title='bbox 634 5224 690 5298; x_wconf 82' lang='lat' dir='ltr'><strong>(C)</strong></span> <span class='ocrx_word' id='word_1_223' title='bbox 708 5225 764 5281; x_wconf 83' lang='lat' dir='ltr'><strong>und</strong></span> <span class='ocrx_word' id='word_1_224' title='bbox 781 5226 829 5281; x_wconf 90' lang='lat' dir='ltr'><strong>bei</strong></span> <span class='ocrx_word' id='word_1_225' title='bbox 846 5226 918 5282; x_wconf 84' lang='lat' dir='ltr'><strong>Pocr</strong></span> <span class='ocrx_word' id='word_1_226' title='bbox 934 5224 1006 5281; x_wconf 85' lang='lat' dir='ltr'><strong>nuel</strong></span> <span class='ocrx_word' id='word_1_227' title='bbox 1024 5224 1118 5283; x_wconf 80' lang='lat' dir='ltr'><strong>devot</strong></span> <span class='ocrx_word' id='word_1_228' title='bbox 1135 5241 1164 5301; x_wconf 84' lang='lat' dir='ltr'><strong>p</strong></span> <span class='ocrx_word' id='word_1_229' title='bbox 1181 5228 1245 5283; x_wconf 79' lang='grc'>313.</span> 
     </span>
    </p>
   </div>
   <div class='ocr_carea' id='block_1_13' title="bbox 0 0 1642 6516">
    <p class='ocr_par' dir='ltr' id='par_1_18' title="bbox 0 0 1642 6516">
     <span class='ocr_line' id='line_1_33' title="bbox 0 0 1642 6516; baseline 0 0"><span class='ocrx_word' id='word_1_230' title='bbox 0 0 1642 6516; x_wconf 95' lang='lat' dir='ltr'><strong> </strong></span> 
     </span>
    </p>
   </div>
  </div>
 </body>
</html>
