3250 6517
168 1132 195 1186 ln
212 1131 372 1189 Kathatin
388 1130 442 1187 No.
461 1132 522 1189 000.
542 1132 611 1189 1000
628 1147 665 1193 ιο
681 1132 756 1188 niele
771 1132 979 1200 Aehalichkeit,
997 1132 1063 1191 daea
1080 1133 1125 1189 die
1138 1133 1342 1213 Nauium

152 1235 188 1274 en
206 1217 278 1275 oder
295 1218 404 1273 anderu
420 1216 499 1274 uicit
515 1233 549 1272 au
567 1217 728 1275 verireauen
746 1220 795 1275 iet.

151 1344 160 1394 ι
180 1345 263 1396 ut-
282 1345 371 1411 tauta,
388 1340 436 1397 ite
471 1340 508 1397 28
524 1340 666 1412 praeuia,
682 1340 730 1396 fle.
763 1343 799 1396 07
818 1342 869 1398 tibi
887 1342 907 1398 s.
924 1343 971 1412 eit,
989 1342 1043 1399 ile.

153 1501 158 1512 .
182 1458 309 1514 ar-re.
345 1457 427 1515 niae
443 1458 624 1530 numa·
645 1458 752 1515 ιωιιιιι
775 1434 849 1516 auia
866 1459 895 1516 u
912 1460 967 1518 no.
981 1460 1042 1518 eoa.
1065 1461 1120 1519 aar
1138 1462 1184 1519 on
1200 1463 1229 1518 a
1245 1460 1338 1519 etna

151 1561 187 1601 01.

443 1829 531 1904 895.
571 1827 633 1901 Ad
658 1853 686 1901 ι
711 1827 943 1902 Berotheam.

165 2020 278 2078 mota
300 2012 481 2096 corcaien,
718 2011 820 2079 Salve
842 2013 981 2100 pulchra
1003 2011 1123 2081 chricti
1145 2034 1257 2101 verna,

151 2135 250 2198 nucero
272 2124 351 2181 vota
372 2136 461 2199 mea,
717 2118 876 2183 eutitatie
898 2126 934 2184 tu
954 2118 1105 2200 lucerna,
1297 2121 1341 2186 00

151 2239 233 2284 icero
254 2238 406 2285 reserare
717 2226 753 2283 ut
775 2218 902 2284 coeleeti
923 2218 1155 2305 perfundamur

151 2322 250 2390 audee
272 2331 307 2388 et
329 2341 432 2390 orare.
718 2322 885 2405 unctione,
909 2330 943 2388 te
965 2341 1146 2406 pacamur.

163 2514 260 2594 virgo
282 2511 444 2594 gloriosa,
646 2516 665 2576 5
717 2508 781 2574 Per
803 2517 837 2574 te
859 2509 953 2576 nobie
975 2511 1155 2595 impetrari,

151 2620 243 2677 extra
262 2613 434 2697 speciosa,
718 2607 835 2695 Stygia
855 2613 932 2693 igne
953 2631 1016 2678 uec
1037 2613 1176 2678 cremari

151 2733 267 2797 gamus,
290 2716 385 2798 virgo
409 2723 515 2799 canta,
717 2731 778 2777 noe
799 2714 965 2796 permittat
986 2734 1068 2798 puer
1090 2714 1145 2778 ille
1299 2715 1343 2778 35

171 2828 343 2900 constane,
364 2820 458 2885 nobis
481 2827 553 2887 aeta
718 2817 885 2899 speciosus
907 2834 1006 2901 super
1028 2817 1131 2898 mille,

151 3008 246 3073 deum
268 3009 324 3074 tui
346 3029 458 3095 prece,
718 3009 789 3075 Tibi
811 3027 906 3073 roeae
929 3009 983 3092 qui
1003 3009 1148 3093 portavit

151 3113 333 3180 iectameuti
352 3115 436 3182 iaeee
719 3119 752 3176 et
774 3111 816 3176 ab
839 3127 898 3175 eeu
919 3109 1110 3177 defensavit
1185 3142 1189 3149 ·

151 3216 193 3280 ali
215 3217 434 3303 sordidemur,
719 3212 820 3279 Salve
843 3234 972 3297 gemma
994 3214 1160 3301 speciosa,

151 3326 188 3381 ite
210 3317 268 3381 sed
291 3317 470 3405 firmemur,
719 3316 863 3402 paradisi
884 3336 1026 3384 cernane
1047 3335 1133 3383 roca,

159 3504 224 3569 tide
248 3507 393 3571 roborati
720 3505 821 3574 Salve
842 3507 954 3592 virgo,
977 3507 1158 3592 deprecare

151 3631 155 3665 ι
178 3606 277 3671 simne
299 3606 363 3672 deo
386 3611 480 3691 grati.
719 3608 854 3675 Jiresum
877 3607 1055 3693 Christum,
1077 3608 1210 3675 visitare

155 3717 273 3793 potens
295 3710 471 3795 advocate,
718 3720 756 3777 ut
775 3729 836 3777 noa
859 3712 939 3777 velit
960 3712 1111 3778 anxiatos

159 3823 287 3897 sancta,
309 3816 373 3881 deo
395 3826 499 3901 grata
720 3822 754 3880 et
774 3815 806 3879 iu
827 3816 934 3899 poeuia
956 3822 1152 3882 carceratos.

151 4001 365 4067 rtercearione
720 3999 788 4066 Sua
810 4019 910 4067 carne
929 3998 1093 4081 satiando,

151 4105 264 4170 confer
284 4105 361 4172 vite
384 4109 495 4187 bona,
720 4123 828 4171 coecae
850 4110 975 4169 mentes
996 4092 1197 4166 illustrando.

151 4208 234 4274 natis
257 4229 427 4293 exuamur,
719 4208 811 4273 ealce
833 4207 929 4291 virgo
951 4202 1140 4270 veneranda

151 4321 218 4378 tute
237 4313 416 4379 iubeantur.
721 4309 807 4376 omni
828 4307 925 4374 laude
949 4302 1198 4390 preservande,

164 4501 283 4567 nobilia
304 4500 430 4586 puella,
718 4501 789 4568 Fac
811 4511 845 4566 ut
863 4501 934 4586 jam
956 4499 1141 4585 spirituales

151 4624 176 4670 ie
201 4606 326 4672 coelesti
347 4606 460 4691 atella,
544 4654 550 4662 .
717 4607 821 4672 nostri
842 4605 945 4690 pedee
967 4611 1001 4669 et
1022 4602 1178 4670 mentales

151 4731 219 4777 mua
241 4711 327 4776 votis
349 4711 458 4791 boun,
718 4730 739 4774 a
759 4709 929 4775 mundanis
951 4706 1191 4792 suspendantur

151 4832 211 4877 inae
234 4811 431 4878 ccuiueiouie
512 4825 518 4834 ·
718 4817 753 4875 et
773 4810 817 4875 ad
841 4806 937 4874 &uin
960 4808 1142 4890 erigantur,

151 5002 235 5071 malo
257 4998 482 5079 defendamur,
718 4995 854 5064 Sursum
877 5017 942 5082 per
963 4997 1171 5062 intentionem
1295 5086 1297 5091 Ι

151 5126 202 5187 re,
224 5122 288 5171 uec
308 5111 475 5169 teneamur
655 5088 658 5093 ⁴
718 5101 827 5168 cordis
849 5110 883 5165 et
905 5100 1128 5180 devotionem,

151 5216 251 5291 utute,
273 5214 306 5271 to
323 5205 462 5291 juvante
718 5222 795 5269 caro
818 5194 947 5287 quoque
970 5203 1168 5285 corrigatur,

159 5315 224 5383 deo
246 5317 452 5400 procurante.
717 5326 759 5372 ne
781 5305 914 5371 rebellio
936 5302 1095 5370 videatur.

1069 5401 1140 5472 18*
