3250 6517
178 1511 360 1596 Cpiscator
382 1515 514 1595 nobilis,

217 1635 233 1677 a
255 1614 384 1678 Christo
407 1625 537 1697 vocate,

187 1713 303 1781 Andron
328 1719 489 1800 amabilis,

219 1839 300 1884 meus
322 1819 497 1901 advocata,

151 1976 153 1981 .
189 1923 292 1986 salveto
317 1925 469 1987 millesies

151 2076 153 2085 .
271 2036 367 2108 atque
391 2027 505 2089 millies

151 2110 154 2213 l
221 2148 294 2192 nunc
315 2138 349 2192 et
371 2131 458 2192 omni
480 2130 578 2211 hora,

192 2229 264 2293 michi
285 2234 474 2314 septuagies

193 2335 294 2397 renum
317 2344 351 2398 et
374 2338 515 2419 septies,

223 2435 388 2519 deprecor,
412 2439 557 2520 implora.

195 2618 228 2684 'ln
244 2643 310 2688 cum
332 2627 410 2688 navi
432 2626 515 2689 retia

224 2723 358 2806 linquens
382 2746 419 2788 es
442 2734 572 2790 secutus

197 2827 315 2888 tutantis
340 2827 482 2907 vestigia

225 2925 350 3009 Christi,
374 2937 408 2992 et
430 2931 568 2993 imbutus

198 3025 247 3108 eju
266 3031 421 3095 salutihca

199 3125 329 3213 doctrina,
353 3133 490 3199 mirifica

226 3236 370 3319 signaque
393 3236 520 3318 vidisti,

199 3329 233 3397 ha
250 3339 423 3420 relinquam
448 3347 571 3420 terrea,

200 3437 298 3503 undam
323 3439 366 3504 ad
389 3443 535 3505 aetherea

589 1294 675 1367 696.
713 1291 775 1365 Ad
806 1321 834 1367 s.
860 1295 1052 1369 Andrcam.

847 1517 920 1581 dum
943 1519 1018 1582 hino
1041 1540 1167 1584 crucem
1192 1521 1312 1586 toleras

889 1622 948 1683 sihi
971 1623 1203 1702 conformatum

845 1723 909 1786 hoc
931 1744 981 1785 mc
1004 1725 1097 1806 signo
1121 1734 1294 1808 protegas,

845 1825 1038 1902 benedicas,
1062 1827 1184 1906 dirigas

772 1926 792 1987 ὅ
889 1947 1021 2010 gressus
1045 1917 1211 1991 incolatds.

846 2115 982 2180 Crucem
1006 2115 1214 2178 devotissime

889 2238 1026 2284 cernens
1050 2219 1209 2299 salutasti,

847 2341 951 2402 aqua
974 2330 1006 2383 te
1029 2320 1192 2383 laetissime

753 2439 792 2500 10
890 2424 1010 2504 suscipi
1030 2421 1171 2502 rogasti:

848 2545 887 2610 „0
912 2547 1009 2605 crux,
1031 2526 1155 2605 inquis,
1173 2524 1312 2605 inclyta,

846 2630 996 2692 membris
1019 2627 1139 2690 Christi
1160 2624 1314 2708 praedita,

890 2731 1018 2810 suscipe
1041 2721 1225 2792 clientem!“

847 2851 867 2896 o
890 2833 938 2896 sic
959 2851 1009 2895 me
1033 2830 1169 2910 diligere

847 2954 974 3000 crucem
997 2942 1030 2996 et
1051 2933 1179 3013 erigere

754 3035 793 3096 15
889 3038 996 3101 facin
1019 3036 1135 3099 coelum
1158 3039 1302 3096 mentem.

849 3226 896 3290 'l'u
919 3226 949 3288 in
974 3243 1069 3290 cruce
1092 3222 1190 3289 biduo

891 3331 984 3393 vivus
1007 3327 1210 3412 perdurasti,

849 3449 913 3513 quo
936 3431 1038 3492 verbo
1063 3427 1192 3491 assiduo

225 3560 274 3622 per
292 3544 459 3626 sequelam
483 3544 612 3609 Christi.
752 3547 793 3608 20
891 3533 1019 3616 plebem
1042 3528 1231 3594 insOrfflflssfi·

197 3723 316 3800 tlristus
339 3745 371 3801 te
396 3738 554 3802 secretius

224 3840 273 3903 sihi
295 3841 436 3905 sociavit

196 3953 245 4004 tum
263 3962 420 4026 germano
443 3945 544 4008 artius

176 4032 186 4053 '
222 4054 310 4128 teque
335 4047 513 4128 adamavit,

191 4152 352 4230 captivator
374 4149 511 4232 piscium

151 4234 154 4253 '
189 4244 274 4316 tactus
295 4261 374 4336 post
395 4251 535 4316 fidelium

216 4363 329 4438 captor
351 4356 545 4436 animarum,

185 4449 246 4519 ddei
268 4475 319 4519 me
342 4456 465 4518 retibus

182 4571 298 4641 captum
317 4559 424 4642 junge
447 4561 582 4623 coetibus

213 4681 297 4726 nunc
320 4660 585 4725 christicolarum.

173 4844 285 4913 Fidum
308 4857 342 4912 te
365 4848 557 4934 discipulum

848 3638 942 3720 plebs
964 3633 1090 3716 Aegeae
1111 3632 1247 3711 minitat,

848 3741 950 3822 pium,
968 3738 1092 3821 justum
1116 3734 1258 3799 clamitat

892 3843 954 3906 sibi
974 3839 1142 3919 redonari,

849 3946 908 4009 sed
932 3944 994 4007 tuis
1017 3959 1136 4025 parens
1158 3937 1310 4022 precibus

849 4048 890 4125 de
914 4054 1097 4109 sanctorum
1120 4041 1255 4106 coetihus

753 4149 794 4211 2⁵
892 4148 969 4211 fecit
992 4143 1150 4228 adjuvari.

848 4335 939 4417 Ergo
962 4333 1036 4397 coeli
1056 4329 1190 4414 praemio

893 4439 1040 4523 gaudens
1062 4455 1147 4502 nnnc
1170 4439 1285 4500 beatus

848 4555 903 4609 tuo
925 4563 976 4607 me
996 4539 1160 4606 consortio

752 4662 794 4723 30
886 4647 1009 4730 jungas
1032 4652 1199 4723 exoratus,

847 4748 880 4812 in
903 4747 987 4811 omni
1009 4745 1156 4829 periculo

848 4850 953 4915 crucis
976 4850 1028 4913 lac
1051 4844 1221 4929 signaculo

212 4950 345 5015 Christo
369 4950 610 5035 demonstrasti,
891 4961 948 5016 tua
968 4968 1068 5034 prece
1090 4956 1210 5026 tntum,

168 5052 243 5119 dum
265 5073 329 5137 per
352 5053 461 5118 mundi
487 5055 640 5120 circulum
849 5055 960 5121 mortis
981 5056 1013 5118 in
1037 5052 1177 5117 divortio

210 5156 318 5237 ipsum
341 5156 546 5238 praedicasti,

164 5257 257 5340 quod
279 5276 397 5323 cruore
420 5262 575 5342 roboras,

850 5168 906 5224 tuo
928 5158 1109 5242 patrocinio

755 5262 796 5324 35
895 5267 966 5324 esto
987 5256 1066 5322 mihi
1088 5261 1221 5320 scutum.
