3250 6517
373 1297 459 1372 701.
495 1299 551 1369 lle
574 1323 600 1368 s.
626 1296 769 1372 Jacobs
795 1301 876 1401 maj.
909 1303 1152 1399 (troparium).

167 1502 281 1566 Gaude
305 1499 428 1563 Christi
450 1517 588 1582 sponsa,

171 1607 266 1687 virgo
290 1611 396 1668 mat-er
419 1602 573 1682 ecclesia,

143 1834 150 1854 a
174 1791 260 1855 Omni
285 1811 360 1873 quae
383 1790 425 1854 de
450 1791 579 1853 natione

179 1917 313 1978 generas
338 1898 386 1960 illi
408 1897 493 1960 filios

181 1997 324 2079 cottidie,
716 1998 735 2058 5

183 2131 237 2196 Per
259 2151 341 2214 quos
364 2132 460 2195 inseri
483 2149 618 2216 superes

185 2246 212 2296 rt
231 2237 301 2298 coeli
324 2236 383 2300 tihi
401 2236 535 2319 januam

186 2339 336 2402 concilies.

143 2517 164 2582 1
186 2520 264 2588 llanc
286 2523 435 2606 pandunt
456 2524 570 2606 hodie,

188 2641 309 2703 quorum
332 2625 418 2688 festa
442 2644 635 2688 veneramur
695 2626 734 2688 to

143 2764 151 2803 n
184 2723 243 2790 bac
264 2727 330 2792 duo
353 2728 538 2808 luminaria,

185 2861 338 2946 liquibus
360 2865 506 2930 lacobus

185 2965 346 3032 iandrea
369 2986 430 3050 per
451 2968 588 3032 virtutes

183 3069 291 3133 reluxit
314 3078 349 3134 et
371 3068 538 3151 Samaria,

143 3220 306 3340 'tregru
330 3275 448 3322 curans
455 3306 464 3338 ,
695 3260 735 3322 15

178 3359 339 3426 demones
362 3362 497 3444 fugans,
551 3422 555 3429 .

175 3472 315 3529 mortuos
350 3465 383 3527 in
415 3466 519 3530 lucem
550 3467 653 3529 verbo
682 3485 735 3529 re·

471 3585 613 3648 vocans,

170 3686 291 3770 Magos
317 3705 399 3751 sana

168 3793 305 3855 vincens
331 3784 479 3854 doctriria

169 3891 248 3956 fidei
262 3892 395 3974 paravit
410 3890 511 3955 corda
522 3891 668 3973 plurima.
693 3892 734 3954 20

168 4081 249 4149 Post
273 4087 309 4143 nt
332 4097 437 4160 agnus

164 4181 287 4266 jugulo
305 4179 422 4244 ductus

170 4303 207 4348 se
230 4280 388 4365 impendit
408 4281 680 4364 promptissimus,

169 4419 305 4485 Lavans
328 4418 406 4500 agni

169 4521 331 4603 sanguine
354 4519 472 4582 stolam
693 4519 734 4580 25

170 4623 382 4689 commutavit
404 4628 506 4684 morte
530 4621 637 4684 vitam.

166 4809 326 4896 Ejusdem
348 4811 427 4873 vitae

854 1506 1007 1569 invitatus

853 1607 971 1670 ardore
995 1605 1248 1688 christophorus

854 1725 924 1790 Hac
947 1727 1017 1808 ipsa
1039 1743 1155 1807 passus
1370 1722 1412 1785 30

853 1836 905 1890 est
928 1829 959 1889 in
984 1827 1035 1889 die

853 1927 913 1991 sed
936 1927 1067 1989 diverso
1091 1935 1244 2007 tempore.

788 2093 818 2153 7.
850 2088 1029 2153 Gentilibus
1052 2097 1199 2166 exortus,

854 2190 912 2253 sed
935 2191 1061 2253 coelitus
1084 2189 1259 2250 instructus

856 2294 982 2372 verbis,
1006 2290 1091 2373 quod
1115 2290 1315 2373 praedicabat
1371 2288 1412 2349 35

818 2402 820 2406 '
854 2396 955 2476 siguis
978 2393 1135 2456 firmabat.

853 2530 989 2596 Aridam
1012 2533 1083 2595 tusa
1106 2548 1204 2614 prece

854 2635 980 2716 virgam
1004 2634 1079 2696 lecit
1103 2633 1236 2711 llorere,

854 2738 979 2801 carceri
1001 2737 1217 2815 mancipatur,

852 2840 955 2920 virgis
978 2836 1120 2902 caeditur.
1370 2836 1413 2898 40

787 3006 818 3069 8.
849 3004 961 3086 Ignem
984 3000 1203 3086 pertransivit,

853 3107 973 3169 sermm
997 3105 1079 3168 sicut
1102 3123 1208 3168 ceram
1232 3102 1398 3182 dissolvit,

854 3245 969 3329 Capite
993 3245 1159 3328 plectitur,

853 3350 954 3416 ooelos
976 3357 1008 3412 et
1030 3350 1135 3412 victor
1160 3342 1346 3427 ingreditur.

788 3515 818 3577 9.
849 3511 955 3594 Ipsius
979 3529 1039 3593 per
1061 3507 1218 3571 mirabilia
1371 3506 1412 3566 45

853 3613 1062 3678 crediderunt
1084 3610 1182 3673 millia

853 3725 968 3798 quater
990 3713 1154 3794 duodena,

852 3844 924 3908 Rex
947 3861 1084 3925 quoque.
1108 3841 1162 3922 qui
1184 3822 1256 3903 etim
1278 3838 1391 3920 puniit,

854 3945 955 4026 signis
978 3945 1082 4006 victus
1105 3961 1175 4004 cum
1199 3940 1265 4001 suis

856 4045 953 4108 fidem
975 4042 1160 4126 promeruit.
1370 4039 1411 4100 to

788 4209 839 4274 1o.
859 4205 965 4286 Terga
981 4204 1075 4282 fletu,
1090 4200 1229 4280 Rachel,
1245 4217 1348 4280 genas

857 4311 1009 4395 passione
1032 4324 1161 4383 roseas,

858 4440 945 4517 Quos
969 4439 1124 4521 gemebas
1146 4435 1333 4499 laborantes

859 4542 955 4606 mollo
979 4549 1118 4623 regnant
1140 4539 1284 4603 victores

788 4707 839 4769 11.
858 4701 968 4785 Teque
984 4709 1039 4765 tuo
1371 4699 1413 4759 55

858 4782 1084 4868 commendant
1105 4817 1235 4882 sponso.

197 4995 245 5050 lis
264 4995 301 5048 im
320 4991 428 5049 Archiv
447 5008 481 5046 zu
501 4991 665 5057 Karlsruhe,
684 4991 717 5042 1²
733 4986 835 5043 Jahrb.
854 4990 936 5038 auter
955 4984 1060 5039 andern
1079 4981 1244 5053 Sequeunen
1264 4981 1325 5051 (C).
1361 4976 1409 5030 lls.

160 5083 309 5153 stuttgart
327 5079 401 5136 Bibl.
421 5080 473 5134 No.
492 5080 535 5133 20.
555 5077 574 5133 1.
589 5081 630 5132 66.
650 5079 683 5131 12
701 5073 800 5130 Jahrb.
818 5073 879 5142 (S).

195 5186 370 5257 3omnique
395 5186 448 5243 OS.
500 5187 534 5238 tt
557 5184 646 5239 verbo
671 5179 744 5236 fehlt
768 5179 798 5236 O.
848 5178 884 5231 28
907 5176 1032 5230 imitatus
1051 5172 1181 5230 ardorem
1199 5172 1228 5226 S.
1278 5170 1313 5221 30
1331 5181 1365 5220 ac
1383 5166 1415 5222 0.

155 5274 329 5349 praedicavit
346 5273 375 5330 a
410 5274 447 5327 36
464 5269 586 5328 firmavit
604 5271 633 5328 S.
668 5269 704 5324 39
722 5264 916 5335 mancipantur
935 5265 965 5321 G.
1001 5264 1036 5315 ot
1054 5265 1092 5328 ut,
1111 5259 1217 5329 corrig.
1237 5263 1265 5312 et
1284 5253 1313 5310 S.
