3250 6517
164 946 209 1013 31

254 1129 287 1182 V.
305 1129 349 1182 22.
376 1124 527 1190 fructibus,
546 1118 732 1175 urrunnun
750 1117 793 1182 13,
811 1115 838 1169 3.

253 1215 286 1269 V.
306 1216 348 1268 32.
373 1209 473 1280 dores,
500 1211 544 1263 33.
562 1204 716 1278 gemmule.
744 1201 794 1259 Sie
807 1201 922 1256 heissen
937 1199 1037 1255 Bliiten
1056 1199 1111 1253 und
1125 1199 1260 1269 Knospen
1278 1199 1354 1253 mres
1367 1203 1425 1254 nro

168 1302 266 1361 Alters
284 1314 394 1371 wegen.

353 1598 439 1671 642.
477 1592 583 1665 Unde
609 1615 725 1688 supra.
757 1590 810 1661 Te
837 1599 1028 1686 martyrum
1054 1587 1298 1683 (troparium).

172 1823 201 1884 1.
224 1818 312 1883 Laus
336 1817 394 1882 tibi
412 1813 556 1895 Christe,
896 1805 930 1870 A
952 1808 1134 1892 conjugatis
1157 1809 1293 1892 praeoini
1398 1809 1425 1869 't

898 1908 1047 1991 dignatus
1068 1929 1104 1973 es
1127 1928 1184 1972 ore
1206 1908 1316 1973 viduae

171 2011 201 2072 2.
225 2007 285 2085 Qui
307 2006 434 2070 humilis
457 2004 552 2067 homo
574 2000 710 2070 mundo⁴
900 2015 1153 2096 continentisque
1176 2015 1239 2091 oiri

225 2126 388 2192 apparens
412 2104 541 2187 abjecta
563 2100 671 2166 mnndi
898 2115 1059 2198 benedici,

224 2210 370 2290 eolligis3
981 2281 987 2293 .

844 2283 874 2343 5.
894 2280 954 2357 Qui
972 2282 1105 2364 juvenis
1127 2281 1289 2364 baptizari

898 2392 1066 2447 contentus
1079 2376 1109 2448 'a
1126 2384 1251 2466 juvene

224 2347 284 2425 oui
306 2347 444 2429 gratiam
465 2353 551 2408 tuam
575 2362 675 2426 usque
772 2344 791 2404 5

224 2449 267 2513 ad
287 2451 350 2513 ima
372 2449 588 2528 vilissimaque

225 2551 384 2633 porrigis3
899 2520 970 2584 Tibi
992 2521 1130 2604 devoto;
1154 2527 1251 2589 etiam
1269 2535 1326 2591 tuo

898 2622 1039 2688 adventu
1061 2625 1227 2691 honorasti
1251 2631 1388 2713 nuptias.

173 2746 202 2806 3.
226 2742 284 2820 Qui
307 2741 478 2826 parvulus,
502 2761 542 2803 ne
566 2736 693 2822 quando
717 2738 773 2803 tibi

223 2846 379 2910 miracula
401 2842 506 2908 desint
529 2842 651 2924 divina,

221 2969 297 3015 mox
320 2948 489 3033 parvulum
515 2948 605 3030 cogis
629 2945 671 3009 ad
753 2946 793 3007 10

224 3053 311 3117 bella
333 3071 420 3115 nova
441 3050 590 3130 militem,

846 2788 876 2847 6.
899 2783 1059 2868 Martyrio

898 2887 1034 2953 idoneos

900 2994 954 3074 qui
976 2993 1082 3058 iecisti

898 3112 1055 3176 Pusiones

898 3217 1083 3298 vagientes,

898 3335 941 3401 Ut
964 3336 1069 3401 adhuc
1091 3338 1215 3402 lactens

900 3440 1071 3504 lactentem
1094 3440 1234 3505 haberes

901 3547 1085 3610 exereitum.

172 3696 202 3756 4.
226 3691 303 3769 Quis
326 3709 390 3754 non
413 3691 455 3753 ad
478 3691 579 3753 sinum
601 3698 757 3774 properet
901 3665 961 3743 9¹¹5
981 3677 1013 3731 θῑ
1028 3669 1163 3751 ingratis
1180 3680 1319 3753 Pfaestas
1334 3669 1425 3755 8¹³5*

227 3801 330 3875 mum,
354 3792 499 3875 obsiste,
529 3796 583 3876 qui
605 3794 646 3857 de
669 3794 795 3877 virgine
901 3781 934 3835 et
956 3772 1147 3837 recedentes
1169 3774 1212 3838 ad
1234 3783 1273 3838 te·
1288 3792 1425 3855 revocas

227 3898 317 3962 nasci
334 3897 448 3960 voleus
470 3896 557 3960 huno
579 3896 714 3980 gradum
900 3889 993 3954 Nune
1016 3900 1048 3954 et
1070 3911 1199 3976 semper
1221 3893 1293 3957 laus
1316 3894 1388 3976 tibi,

227 3999 446 4066 sacraverant
905 3992 1043 4058 Christe.

225 3189 325 3266 Quem
347 3189 447 3271 pugio
470 3205 623 3251 conusens
645 3204 709 3250 non

225 3299 349 3356 terreat
369 3309 473 3372 neque
496 3290 610 3354 laudes

226 3391 405 3457 omnimode
429 3392 585 3474 volupes
609 3411 719 3456 omnes
741 3414 761 3457 a

226 3503 312 3562 statu
335 3496 449 3558 mentis
471 3494 623 3558 molliant.
756 3499 795 3558 15

262 4186 310 4240 Hs.
330 4200 365 4239 nu
382 4183 411 4239 S.
429 4182 529 4239 Gallen
547 4183 599 4239 No.
617 4185 677 4238 373.
696 4200 723 4254 p.
743 4187 802 4239 113.
830 4184 880 4239 mit
897 4183 1028 4239 Neumen.
1063 4186 1126 4240 Von
1144 4185 1262 4240 Notker.
1288 4184 1318 4239 S.
1338 4183 1391 4238 No.
1408 4182 1424 4236 3

263 4305 506 4374 331aetans‚11s.
555 4308 590 4359 :tt
610 4306 775 4373 lactantem,
793 4306 841 4359 lls.
891 4307 997 4360 Ausser
1021 4307 1075 4361 den
1098 4305 1251 4377 Auringeu
1275 4306 1327 4361 der
1346 4307 1425 4363 Absit

176 4393 293 4464 beginnt
309 4391 355 4446 die
375 4392 422 4446 Hs.
439 4393 491 4447 mit
508 4408 629 4462 grossen
648 4393 826 4447 Buchstabeu
844 4393 889 4448 die
907 4394 939 4447 V.
958 4396 983 4447 3.
1002 4397 1026 4447 t.
1045 4395 1069 4448 6.
1088 4397 1112 4447 ’1.
1127 4396 1424 4450 9-11.13-13.17-

179 4479 292 4536 21-23.
310 4480 423 4531 25—27.
442 4479 484 4531 31.
502 4479 616 4532 33-35.
635 4482 677 4533 37.
696 4481 738 4534 39.

600 4781 685 4856 643.
721 4784 779 4854 De
805 4781 1060 4854 innocentibus.

352 4999 451 5065 Salve
473 5003 613 5067 lacteolo
637 5004 823 5070 decoratum
846 5010 1001 5089 sanguine
1025 5009 1156 5091 festum,

409 5107 533 5171 salvete
556 5109 694 5174 innocua
716 5128 856 5193 corpora
877 5112 950 5176 insu
972 5113 1060 5176 neci!

358 5210 496 5275 concinit
518 5230 610 5295 ecoe,
634 5211 727 5293 deus,
750 5215 873 5278 tibimet
895 5235 977 5297 grex
1000 5217 1061 5279 iste
1084 5217 1221 5299 pusillus

405 5313 554 5378 festivum
577 5315 672 5381 laude
694 5318 926 5400 praevenieudo
949 5318 1049 5400 diem,
