3250 6517
185 910 253 977 M

186 1091 291 1178 Laus,
313 1092 433 1176 bonor,
456 1109 579 1176 sponso
593 1088 755 1172 virginum
770 1089 811 1151 25
866 1087 919 1169 qui
941 1104 1001 1151 nos
1023 1091 1207 1151 sanatorum
1229 1082 1351 1148 merit&

187 1218 273 1266 nuno
295 1206 329 1263 et
350 1215 411 1280 per
433 1213 528 1259 omne
551 1192 724 1274 essentum,
865 1188 939 1254 ooeti
961 1187 1139 1270 conjungat
1160 1183 1297 1267 gaudiis

273 1379 468 1437 Reiobenauer
484 1377 533 1432 ils.
552 1376 604 1432 No.
623 1377 665 1430 60.
683 1375 728 1430 Bi.
744 1376 805 1429 213.
824 1388 876 1429 aus
893 1370 955 1426 dem
976 1373 1009 1425 rt
1026 1370 1123 1425 Jahrb.

269 1505 344 1570 tet,
362 1502 410 1557 ils.
446 1502 464 1556 8
481 1497 585 1572 pingit,
603 1501 724 1567 serenat,
741 1496 792 1551 ils.

613 1781 698 1854 755.
738 1781 798 1851 De
823 1803 892 1849 una
920 1778 1067 1876 virgine.

338 2000 469 2067 Laudes
491 2000 563 2084 ejus
584 2000 681 2081 virgo
703 2005 794 2063 easta
815 1997 940 2061 reoolat
963 1996 1102 2061 eoolesia

339 2112 374 2170 et
397 2111 557 2187 oonoepta
579 2100 679 2167 corde
701 2108 780 2165 vom
801 2107 1023 2183 protestentur
1044 2099 1140 2164 labia.

336 2289 401 2356 Uni
423 2290 621 2374 desponsata
642 2289 715 2353 viro
738 2287 858 2372 psallat
881 2305 953 2351 oum
975 2286 1115 2369 laetitiae,

335 2394 474 2478 pulobra
495 2392 634 2477 pulobro
655 2390 833 2474 placitura,
857 2390 885 2454 si
907 2389 1031 2454 devitet
1053 2390 1170 2473 turpia.

338 2581 500 2667 Sponsum
522 2598 613 2643 suum
636 2596 756 2663 sponsa
779 2576 890 2642 laudet
912 2584 945 2641 et
968 2576 1175 2660 epitbalamia
1443 2573 1457 2633 t

337 2705 406 2750 suae
430 2682 688 2767 desponsationis
710 2681 757 2745 iili
776 2686 885 2745 cantet
906 2678 1021 2743 duloia.

334 2870 442 2957 Super
463 2890 588 2936 omnem
611 2869 737 2936 landem
762 2870 835 2953 ejus
857 2868 958 2933 addat
981 2877 1014 2932 et
1037 2867 1226 2950 degrada,

333 2993 398 3057 qua
420 2974 600 3040 ooniormat
619 2974 681 3036 sibi
703 2991 778 3038 reos
800 2974 995 3038 reformatos
1015 2968 1120 3033 venia

332 3160 427 3227 Hune
449 3161 604 3225 honorem
626 3160 688 3227 sibi
709 3162 826 3242 quaerit
847 3170 881 3225 et
902 3160 975 3225 bsee
998 3178 1097 3243 super
1119 3158 1225 3222 omnis

332 3264 417 3346 legis
440 3263 631 3329 bolooausta
652 3263 776 3346 plaoet,
800 3262 900 3346 digna
923 3261 1054 3328 laudum
1076 3261 1200 3343 bostis,
1427 3256 1460 3321 tt

330 3451 487 3517 illiciter
509 3468 574 3533 quo
596 3450 739 3516 deducat
760 3469 911 3534 sponsam
935 3452 977 3516 ad
1000 3452 1119 3517 cubilia

330 3562 364 3618 et
387 3554 539 3620 ostendat
561 3554 747 3636 salutarem,
770 3554 854 3619 siout
877 3556 980 3619 estin
1004 3556 1118 3637 gioria.

327 3742 410 3806 Nam
433 3750 467 3805 et
488 3742 560 3806 baeo
581 3742 679 3806 beata
700 3741 809 3823 virgo,
833 3742 925 3826 cujus
948 3743 1094 3807 natalitia

327 3845 548 3926 celebramus,
571 3864 632 3928 per
654 3843 726 3908 bueo
747 3845 819 3927 ipsa
842 3845 971 3910 laudum
995 3846 1156 3910 sacrificia

321 4030 399 4117 lpso
422 4032 505 4099 duoe
523 4032 592 4118 jam
616 4035 767 4118 pervenit
789 4033 831 4098 ad
853 4035 925 4116 ejus
945 4035 1083 4117 palatia,

325 4136 381 4201 ubi
404 4143 511 4219 tenet,
534 4158 607 4220 qnae
630 4140 799 4223 sperabat,
823 4138 1021 4220 repromissa
1042 4130 1177 4222 praemia

322 4323 365 4388 Et
385 4323 455 4406 jam
479 4327 596 4403 cernit,
619 4347 692 4409 quae
716 4329 899 4411 quaerebat,
923 4327 998 4391 dum
1019 4349 1081 4411 per
1103 4329 1175 4394 baeo
1197 4329 1296 4395 exilia

323 4428 400 4508 agni
422 4430 493 4493 veri
513 4433 710 4510 sequebatur
733 4450 932 4514 quaeeunque
956 4434 1104 4515 vestigia.

322 4612 416 4707 Quod
438 4632 503 4679 non
526 4617 595 4681 sine
617 4617 768 4700 virginali
790 4628 901 4704 potest
924 4623 1118 4686 continentia

319 4723 517 4799 (tatarorum,
540 4719 593 4800 qui
616 4729 791 4802 sequuntur
813 4742 950 4804 agnum,
973 4724 1076 4789 virtus
1098 4725 1172 4789 alia.
1416 4718 1452 4783 2⁰

319 4886 410 4971 Ergo
434 4888 508 4953 dum
531 4883 757 4974 peregrinatur
780 4902 931 4976 erratque
952 4914 1013 4979 per
1036 4894 1149 4977 devia,

319 4990 417 5074 hujus
439 4992 516 5056 vitae
539 5011 659 5076 sponsa
681 4993 801 5061 Christi
822 4997 894 5062 baeo
916 4999 1136 5082 corruptibilia

315 5158 425 5225 Corde
448 5173 599 5248 spernat,
622 5183 681 5248 spe
704 5176 858 5249 sequatur
880 5168 921 5232 nd
945 5170 1143 5236 inmutabilia

165 5362 204 5428 ἱ
312 5284 448 5350 agnum,
475 5268 528 5350 qui
549 5269 738 5335 remissione
761 5272 845 5337 tollit
866 5272 976 5338 mundi
997 5275 1086 5338 vitia.
