3250 6517
366 1135 422 1191 tna
443 1126 536 1192 nobie
559 1125 646 1209 apnd
668 1122 831 1190 Obriatnm
854 1124 938 1190 adsit
958 1123 1168 1207 nomio,

366 1249 431 1314 qno
454 1230 613 1296 conscribi
635 1249 817 1294 mereamur
837 1230 871 1296 in
892 1228 967 1294 ooeli
987 1228 1119 1313 palatio.

368 1416 437 1483 'l'oa
459 1417 552 1482 nobis
575 1417 663 1502 apud
685 1416 762 1483 Obr.
785 1427 847 1483 etc.

300 1605 347 1659 lla.
364 1621 399 1658 nn
418 1605 605 1673 Scblettstatt‚
625 1606 658 1658 13
676 1604 775 1659 Jahrb.
794 1601 844 1656 mit
861 1601 914 1656 den
931 1601 1118 1658 llmiknoten.
1144 1601 1182 1658 lle
1200 1601 1304 1656 eteben
1321 1602 1398 1657 nocb
1410 1602 1502 1658 andem

209 1690 311 1746 lieder
330 1689 384 1745 anf
397 1691 443 1745 die
461 1691 487 1745 b.
504 1689 587 1746 Fides
605 1689 701 1758 daria,
725 1690 770 1744 die
788 1706 823 1744 an
840 1688 1024 1745 Scblettntatt
1041 1688 1105 1743 eine
1123 1687 1182 1744 alte
1200 1686 1307 1744 Kircbe
1326 1688 1392 1759 bat,
1419 1686 1502 1745 vom

210 1777 287 1832 dioec
305 1777 468 1847 Sequennen
486 1776 616 1848 gemacht
633 1775 760 1831 worden.

300 1900 311 1935 ¹
329 1898 450 1954 dariber
469 1898 513 1953 die
531 1896 667 1953 Variante
686 1913 742 1953 von
760 1897 886 1968 gleicber
904 1894 981 1951 zeit:
1000 1895 1158 1953 recolamus
1172 1912 1231 1966 ore,
1250 1896 1348 1952 corde.
1378 1896 1499 1962 ²laudes,

202 1984 352 2041 ·Variante.
387 1987 402 2073 *³
419 1985 483 2072 plns
502 1982 580 2039 fehlt
619 1983 778 2055 lprnnum,
794 1984 843 2038 llo.
877 1981 959 2052 5(ἰοί,
977 1981 1025 2037 lla.

652 2319 738 2393 918.
773 2319 831 2389 De
858 2343 886 2389 s.
913 2316 1087 2390 Findano.

209 2555 272 2642 Eja
295 2577 379 2623 nnnc
401 2559 495 2639 socii,

208 2661 329 2725 iratres
352 2669 385 2726 et
408 2661 541 2743 domini,

208 2784 291 2830 voce
315 2766 482 2830 dulcisona

207 2869 341 2952 pangite
365 2869 508 2951 cantica,

209 2971 285 3035 anni
306 2990 378 3036 cum
402 2972 508 3035 orbita

208 3071 310 3135 refert
333 3072 491 3136 dieculam

207 3173 348 3239 Findani
369 3176 472 3258 patris
494 3175 657 3258 fulgidam.

210 3363 310 3442 Quem
334 3372 440 3427 natum
464 3360 576 3427 Scotid

209 3466 362 3532 confovet
384 3462 523 3545 Suevia,

173 3610 177 3617 -
209 3570 361 3633 thesauro
380 3568 479 3631 nobili

208 3674 386 3755 Renangiae
410 3672 472 3736 soli

209 3777 286 3841 dato
309 3776 476 3856 divinitus,

209 3900 304 3963 qnam
327 3881 461 3962 cingens
484 3878 624 3962 undique

209 3989 303 4073 ornat
326 3981 427 4044 amnia
450 3982 668 4047 circumimus.

208 4170 298 4256 Ergo
322 4193 415 4256 quem
439 4176 582 4240 canimus

208 4277 307 4340 variis
327 4277 495 4361 laudibus,

209 4377 339 4458 dignum
362 4398 423 4461 per
446 4380 550 4442 omnia

209 4481 315 4546 discat
336 4483 491 4563 ecclesia,

209 4584 281 4668 ejas
303 4583 489 4667 hymnidica

208 4705 308 4772 prece
326 4686 397 4770 jam
420 4686 593 4752 concinens

208 4789 358 4872 imploret
380 4788 569 4872 patrocinia.

209 5000 270 5067 llic
292 5022 364 5068 nam
388 5005 567 5071 barbaricis

208 5102 358 5168 venditus
380 5105 523 5188 populis,

207 5206 298 5289 pacis
321 5206 381 5269 sub
404 5206 533 5288 osculo,

208 5325 299 5374 more
322 5305 498 5392 dominico,

885 2559 996 2643 proles
1018 2558 1161 2640 ingenua

885 2662 1000 2748 praeda
1020 2663 1158 2747 piratica

885 2785 946 2851 per
968 2768 1065 2830 mario
1087 2765 1179 2831 vadit
1199 2767 1298 2834 invia

886 2991 955 3056 Sed
975 3012 1075 3076 prece
1097 2994 1259 3078 prosperd

885 3095 983 3160 missi
1004 3116 1065 3180 per
1087 3097 1229 3179 aethera,
1469 3098 1512 3163 ὅθι

886 3198 994 3262 evasis
1017 3196 1164 3263 bootibns

885 3302 1018 3365 miratur
1040 3301 1179 3385 pelagus

887 3403 1026 3469 lembulo
1049 3406 1239 3469 subvectum

886 3505 1042 3585 navitam,
1065 3513 1230 3588 petentem

887 3617 1055 3674 ..a..tnm
1077 3609 1211 3673 aridam.
1468 3609 1502 3673 35

886 3838 943 3904 Sic
964 3837 1136 3903 Israhelita

887 3944 979 4026 qnasi
1000 3962 1061 4027 per
1083 3943 1157 4008 avia

885 4048 982 4112 maris
1005 4047 1095 4111 rubri
1117 4064 1225 4111 ooevoa

885 4151 1013 4233 lugiens
1034 4147 1223 4234 Aegyptios

885 4263 936 4317 tra
947 4302 953 4315 .
965 4301 990 4316 ..
1009 4252 1190 4336 Remangiae

885 4354 957 4419 fixit
979 4357 1118 4421 tentoria

887 4456 1024 4522 ducente
1047 4456 1177 4524 Christo
1200 4468 1370 4544 perpetua.

886 4685 979 4752 Unde
1002 4687 1073 4752 laos
1097 4686 1221 4770 debila,

886 4791 1006 4873 virtus,
1028 4789 1192 4875 potentia,

886 4893 992 4957 bonor
1014 4894 1055 4956 sit
1077 4894 1183 4958 nnicae

887 4997 1044 5079 trinaeqne
1066 4995 1198 5079 gloriae,

887 5118 961 5182 qnae
983 5097 1058 5163 buic
1075 5097 1145 5179 jam
1168 5097 1308 5164 nobilem

886 5203 990 5268 voluit
1011 5202 1117 5267 domni

792 5310 834 5372 2⁵
887 5309 998 5375 lucere
1020 5325 1089 5374 onae
1111 5305 1303 5391 lampadem.
1336 5328 1441 5377 amen.
