3250 6517
141 1130 169 1183 ui
183 1129 295 1200 presul,
308 1127 414 1183 vireas
431 1127 588 1198 purissime,
764 1128 842 1199 regis
860 1127 965 1183 crimen
982 1129 1083 1185 Kanoli
1100 1130 1231 1198 redimus.

141 1232 190 1287 rges
207 1231 310 1273 turone
329 1213 425 1271 eunio
441 1218 471 1273 et
489 1213 601 1281 animm,
760 1212 917 1282 impetrate,
936 1229 998 1284 qum
1017 1229 1089 1269 nune
1106 1230 1167 1269 sum
1184 1212 1325 1289 flagitans,

141 1301 224 1374 lepidi
241 1317 306 1358 enm
321 1299 394 1357 feris
411 1300 556 1370 habitans,
762 1299 837 1371 apud
855 1298 944 1371 deum,
963 1317 997 1356 ne
1018 1299 1070 1355 sim
1088 1298 1261 1372 periclitans.

401 1580 489 1658 887.
522 1583 717 1682 Sequentia
744 1581 789 1653 de
813 1608 840 1653 s
867 1583 1051 1655 Disibodo.
1151 1612 1153 1617 ·

190 1786 215 1851 0
237 1784 360 1871 praesul
373 1802 464 1849 verae
480 1782 633 1866 divitatis,
664 1783 774 1866 quiin
796 1782 916 1868 templo
940 1784 1105 1867 augularis
1127 1785 1245 1870 lapidis
1268 1804 1383 1852 aseen-

142 1909 172 1953 ns
191 1891 223 1953 in
245 1889 362 1955 eoelun
383 1888 417 1953 in
439 1896 530 1951 terra
552 1893 734 1970 prostratus
756 1884 845 1951 fuisti
866 1895 1002 1971 propter
1026 1887 1129 1953 deum.

190 1992 237 2057 'l'u
267 1991 461 2075 peregrinus
488 2010 509 2053 a
541 1990 662 2054 semiue
688 1986 798 2055 mundi
826 1976 1017 2054 desiderasti
1045 1993 1120 2056 exul
1150 1988 1221 2056 fieri
1248 1997 1385 2077 propter

141 2113 227 2160 rorem
249 2095 379 2161 Christi.

191 2199 216 2264 0
239 2216 331 2263 mons
353 2198 473 2264 olausae
497 2197 628 2277 mentis,
657 2204 693 2261 tu
716 2195 845 2260 assidue
868 2197 1013 2279 puloram
1038 2198 1152 2263 taciem
1176 2197 1331 2281 aperuisti
1352 2197 1385 2260 in

141 2302 220 2365 eoulo
243 2302 411 2367 oolumbae.

189 2403 236 2468 'l'u
258 2404 292 2467 in
315 2404 476 2468 abeoonso
498 2401 621 2467 latuisti
643 2401 820 2467 inebriatus
842 2401 944 2467 odore
962 2401 1094 2484 tlornm,
1139 2423 1199 2487 per
1221 2405 1385 2470 cancellos

141 2515 270 2572 odorum
293 2507 434 2572 eminans
457 2505 530 2571 deo.

191 2608 216 2673 0
247 2608 374 2674 eulmen
405 2609 438 2671 in
463 2607 610 2672 clavibus
636 2607 728 2687 ooeli,
768 2605 854 2688 quod
885 2616 1022 2690 proptor
1047 2610 1254 2692 perspicuam
1286 2609 1385 2673 vitam

141 2711 236 2776 udum
258 2710 449 2792 vendidisti,
472 2711 739 2790 nordemanne,
764 2709 847 2773 alme
870 2709 1053 2794 oontewor,
1076 2730 1205 2794 semper
1226 2711 1330 2777 habes
1352 2713 1385 2775 in

141 2834 222 2878 turno.

190 2919 224 2982 ln
248 2930 303 2985 tna
325 2917 410 2981 enirn
431 2924 537 2980 mente
560 2916 634 2979 lons
655 2916 749 2979 vivus
772 2914 948 2979 clarissima
967 2915 1039 2979 luoe
1057 2916 1245 2998 purissimos
1261 2916 1384 2981 rivulos

141 3023 198 3086 unit
218 3042 280 3105 per
300 3021 388 3085 viam
409 3020 530 3085 salutis.

190 3122 238 3189 Tu
258 3143 378 3206 magna
399 3122 497 3188 turris
519 3130 595 3187 auto
615 3115 723 3187 'altare
746 3121 859 3185 summi
884 3119 937 3184 dei
961 3129 994 3185 et
1016 3120 1113 3206 hujus
1138 3122 1235 3186 turris
1258 3123 1385 3188 eulmen

141 3227 288 3293 »umbrasti
309 3246 371 3310 per
392 3228 511 3292 fumum
533 3233 719 3289 aromatum.
1358 3229 1362 3239 '

192 3330 217 3395 0
240 3330 413 3412 Disibode,
445 3331 476 3393 in
499 3338 554 3394 tuo
577 3329 694 3393 lumine
716 3349 778 3413 por
801 3329 951 3412 exempla
973 3331 1045 3413 puri
1069 3330 1140 3393 soni
1160 3330 1305 3394 membra
1325 3328 1385 3391 rni-

141 3431 190 3498 ioae
210 3434 317 3500 landis
337 3433 509 3499 aedificasti
530 3435 564 3497 in
586 3432 711 3497 duabus
733 3432 879 3515 partibus
902 3453 963 3514 per
985 3432 1083 3498 filium
1104 3433 1250 3498 hominis

190 3537 226 3602 ln
249 3538 317 3602 alto
336 3555 404 3601 sias
427 3554 490 3600 non
512 3536 708 3599 erubescens
731 3542 805 3598 ante
829 3533 923 3598 deum
938 3535 1046 3599 vivum
1070 3544 1104 3600 et
1122 3536 1268 3619 protegis
1290 3531 1386 3598 viridi

141 3658 168 3702 re
184 3640 354 3706 laudantes
378 3640 471 3703 deum
494 3639 556 3702 ista
578 3655 669 3701 vooo.

191 3743 344 3808 0duleis
366 3743 434 3806 vita
455 3750 488 3805 et
512 3759 531 3805 o
554 3743 651 3805 beata
674 3743 934 3823 perseverentia,
965 3760 1039 3823 qum
1065 3740 1097 3804 in
1121 3740 1186 3805 lroo
1207 3742 1305 3804 beato
1328 3737 1385 3803 oi-

141 3844 201 3910 rodo
221 3847 400 3930 gloriosum
422 3844 529 3908 lumen
551 3862 679 3927 sempor
701 3838 871 3907 aedificasti
890 3842 924 3908 in
947 3844 1071 3908 ooelesti
1093 3840 1285 3908 Jerusalem.

169 3949 283 4016 ·Nuno
305 3947 441 4013 sitlans
463 3948 526 4012 deo
549 3949 581 4011 in
608 3946 711 4010 forma
735 3945 861 4029 pulorae
890 3954 1032 4010 tonsurae
1054 3946 1191 4011 viriliter
1219 3952 1385 4029 operante.

190 4050 232 4118 ltt
249 4052 384 4136 superni
406 4052 496 4116 oivos
519 4050 685 4133 gaudeant
707 4048 748 4112 de
771 4048 836 4131 his,
860 4048 916 4130 qui
935 4064 992 4111 eos
1015 4049 1077 4112 hoo
1098 4049 1194 4114 modo
1213 4050 1386 4113 imitantur.

177 4185 224 4240 lle.
248 4202 286 4241 au
300 4183 477 4252 Wiabaden,
509 4185 542 4237 ta
560 4181 659 4237 tahrn
691 4180 742 4235 ruit
765 4177 816 4234 der
838 4177 967 4233 llelodie.
1003 4177 1087 4235 Steht
1109 4192 1155 4233 un
1178 4177 1313 4234 sammua
1336 4176 1387 4232 der

141 4267 199 4327 'erle
215 4273 267 4328 der
284 4272 311 4326 lr.
329 4270 479 4342 llildegart
498 4268 553 4323 und
572 4268 609 4324 iet
627 4264 868 4323 wahrsoheinliolr
885 4280 942 4319 von
961 4263 1004 4317 ihr
1023 4260 1154 4320 versaret

308 4588 311 4593 ’
364 4555 452 4630 888.
485 4553 530 4625 Ιιι
550 4553 641 4627 {esto
668 4549 703 4624 b.
729 4550 918 4622 Dominioi.
949 4548 1109 4649 hymnus.

141 4779 248 4825 annum
270 4777 367 4824 noum
388 4757 511 4822 taetitiae
761 4763 795 4820 et
817 4753 936 4819 olausis
958 4751 1064 4836 eulpae
1086 4772 1220 4818 oaroere

141 4864 177 4930 lei
196 4863 388 4950 productum
411 4861 537 4930 nautico
761 4874 874 4941 praeeo
893 4855 1007 4920 salutis
1029 4854 1170 4919 mittitur.

141 4976 198 5032 ster
219 4967 391 5052 depromat
414 4962 512 5029 hodie

448 5067 488 5084 ..
763 5012 949 5079 llootrinam
976 5009 1198 5094 evangelicam

141 5088 206 5137 orus
228 5077 343 5137 sanoto
364 5068 538 5135 Dommroo.

763 5133 924 5201 spargens
944 5135 1006 5199 per
1028 5113 1116 5178 orbis
1138 5109 1302 5178 oardiuem
1345 5111 1385 5176 lo

141 5228 240 5306 ruente
261 5224 372 5290 mundi
391 5238 517 5305 vespere
690 5222 710 5281 5
763 5226 889 5303 pestem
911 5217 1004 5300 fugat
1025 5214 1210 5280 haereticam
1216 5262 1226 5296 ,

141 5347 205 5398 rom
226 5327 316 5396 sidus
337 5327 497 5406 exoritur,
762 5337 881 5387 novum
903 5318 1089 5404 producens
1111 5315 1267 5383 ordinem
1335 5364 1339 5371 .
