3250 6517
152 1115 241 1171 zwei
258 1115 362 1173 Lieder
379 1111 432 1172 eni
445 1114 495 1170 ibn
511 1113 612 1171 subse
628 1113 659 1169 in
675 1113 731 1171 den
753 1113 828 1169 Acta
844 1111 897 1170 88.
914 1113 987 1183 Aug.
1005 1112 1023 1166 6
1040 1128 1065 1183 p
1085 1113 1146 1167 5⁹9.
1180 1113 1238 1169 nes
1261 1112 1323 1167 eino
1350 1113 1379 1168 in
1459 1144 1473 1169 e

151 1203 313 1276 eneiligen
331 1203 474 1274 Stroplren
493 1201 544 1257 mit
560 1202 622 1258 dem
638 1198 768 1272 Abisag:
791 1198 928 1255 Lucerna
947 1214 1030 1255 nova
1048 1199 1179 1271 specula,
1203 1199 1254 1254 das
1272 1200 1377 1256 andere

166 1289 354 1363 dreizeiligen
373 1289 516 1360 Stropben
534 1287 584 1344 mit
602 1287 664 1343 dem
681 1284 810 1359 Anfang:
829 1285 908 1341 Nunc
927 1283 1042 1342 festivae
1060 1293 1162 1341 sonent
1180 1285 1286 1343 landes.

545 1570 631 1645 916.
666 1570 724 1643 De
751 1595 779 1644 s.
804 1566 906 1642 Fide.

151 1777 190 1842 de
212 1779 309 1861 virgo
331 1774 446 1860 Fides,
757 1776 869 1841 Gaude
891 1776 1008 1844 dorida
1029 1775 1139 1856 Fides,

151 1880 356 1946 lvirtubbus
378 1879 467 1944 rides
756 1879 844 1962 quod
867 1877 909 1942 do
931 1879 1005 1943 coeli
1028 1878 1118 1944 cives

151 1985 370 2064 :nobilitate3
799 1981 933 2046 laudant
953 1982 986 2045 in
1004 1981 1225 2066 jocunditate,
1341 1983 1380 2043 15

151 2086 184 2149 de
206 2093 320 2151 sancta
341 2082 454 2166 Fides,
569 2086 574 2093 '
755 2082 864 2166 gande
886 2086 984 2150 beata
1007 2082 1127 2166 Fides,

151 2188 252 2252 stiaua
278 2185 363 2251 fides
682 2189 701 2251 5
755 2187 787 2251 iu
811 2187 974 2252 miraculis
997 2187 1091 2253 dives

151 2298 268 2356 tornat
290 2291 506 2374 speciositate.
799 2308 836 2353 es
858 2289 911 2354 dei
933 2299 1105 2374 potestate.

151 2475 191 2540 lde
212 2484 338 2559 martyr
360 2473 474 2557 Fides3
755 2474 820 2560 Eja
841 2477 897 2560 pia
919 2485 952 2541 et
974 2478 1116 2542 clemens
1138 2475 1254 2559 Fides,

151 2579 168 2642 d
188 2580 315 2664 ingrate
342 2598 408 2645 non
430 2577 548 2644 strides
756 2578 830 2644 dele
852 2581 1011 2644 scelerum
1033 2580 1125 2644 nives
1339 2580 1381 2641 20

151 2689 244 2746 emota
265 2681 470 2766 poenalitate,
798 2691 981 2747 nostmrum
1006 2692 1062 2748 tua
1083 2682 1225 2767 pietate,

151 2779 187 2843 ide
207 2781 370 2846 decollata
392 2778 510 2862 Fides,
663 2782 701 2846 10
754 2787 823 2868 lac,
846 2804 866 2849 o
888 2786 999 2850 inclita
1020 2785 1137 2865 Fides,

151 2900 161 2945 a
178 2882 339 2949 Christum
362 2902 447 2948 nunc
468 2883 560 2947 vides
754 2903 813 2952 nos
832 2885 1021 2968 angelorum
1044 2885 1196 2950 concives

151 2985 279 3064 pudiosa
302 2987 492 3050 aeternitate.
795 2987 934 3071 posthac
956 2988 989 3052 in
1013 2985 1225 3071 perennitate.

175 3167 214 3224 lls.
231 3172 260 3224 in
279 3169 476 3225 schlettstadt.
496 3170 530 3223 ll
546 3169 644 3225 lebrln

177 3291 302 3348 tbesser
320 3293 433 3348 virtute.
468 3295 503 3346 22
522 3300 552 3348 et
570 3290 589 3348 f.
608 3291 663 3362 sae,
682 3293 729 3349 ils.
765 3295 801 3348 24
819 3299 886 3364 post
903 3294 983 3363 benc,
1001 3295 1049 3352 nr.

548 3592 634 3666 917.
663 3593 721 3664 De
746 3617 773 3665 s.
796 3592 896 3664 Fide.

236 3811 311 3878 Ave
334 3830 461 3894 gemm
484 3813 641 3877 claritatis
664 3819 698 3876 et
718 3813 820 3877 instar
843 3814 1046 3896 carbunculi,

238 3934 297 3980 ave
319 3932 397 3981 rosa
419 3915 563 3999 paradisi
585 3933 676 3980 more
699 3914 850 3998 fragrans
872 3917 1022 3998 balsami,

237 4017 334 4083 Fides
358 4018 456 4100 alma,
479 4017 574 4100 virgo
595 4018 691 4099 felix,
713 4018 858 4101 gloriosa
880 4018 1017 4101 meritis,

237 4121 423 4185 assistentes
446 4128 510 4185 tuae
532 4119 620 4215 ¹laudi
641 4120 715 4184 coeli
733 4119 839 4203 junge
861 4119 998 4202 gaudiis.

236 4305 287 4373 Ad
311 4308 467 4372 bonorem
483 4314 587 4391 ¹atque
610 4307 737 4372 laudem
759 4308 947 4391 sempiterni
969 4308 1105 4373 numinis
1359 4315 1378 4373 5

238 4412 435 4479 celebremus
457 4411 541 4506 diem
564 4405 701 4476 lestum¹
723 4405 873 4476 sanctae'
893 4409 984 4477 Fidis
1007 4412 1161 4496 virginis,

239 4533 309 4598 quae
332 4514 537 4599 perignem,
560 4535 620 4599 per
642 4522 802 4581 tormenta
825 4515 1022 4599 calicemque
1046 4516 1212 4600 sanguinis

239 4625 286 4682 est
308 4617 431 4702 adepta
453 4614 637 4701 triumphati
658 4618 806 4683 bravium
829 4618 1022 4683 certaminis.

237 4806 420 4874 Adoremus
443 4804 666 4873 collaudantes
689 4806 850 4873 Christum
873 4807 927 4872 dei
949 4807 1068 4893 filiurn,

238 4910 328 4997 cnjus
351 4910 417 4976 lide
439 4910 534 4991 virgo
556 4909 656 4975 Fides
676 4910 772 4994 hujus
793 4911 871 4976 vitae
893 4911 1032 4978 stadium

237 5014 458 5096 percurrendo
479 5013 723 5098 comprehendit
744 5015 923 5082 immortale
945 5016 1104 5083 bravium.

238 5200 339 5288 Virgo
360 5202 461 5269 Fides
483 5205 651 5287 generaris
673 5204 761 5269 edita
783 5205 974 5290 parentibus

238 5307 407 5390 morosis
427 5303 526 5393 plns³
547 5307 665 5374 edblsit
687 5316 779 5392 amu,
800 5311 922 5390 verbu,
943 5309 1099 5375 moribus.
1266 5284 1438 5432 l
