3250 6517
540 1262 628 1336 870.
665 1257 846 1359 Ejusdem.
882 1259 928 1334 sd
952 1259 1085 1334 laudes.

164 1500 193 1567 0
216 1501 328 1583 Claro,
350 1500 423 1567 luce
445 1499 580 1583 clarior,

165 1605 247 1671 lueis
269 1612 402 1669 aeternae
424 1602 506 1685 filie,

167 1706 237 1773 dies
259 1707 323 1771 ista
344 1706 529 1771 sollemnior

167 1820 223 1875 tuo
245 1809 324 1876 oolit
345 1808 521 1873 sollemnis

165 1999 252 2064 Vitae
280 1998 419 2062 labentis
440 1993 561 2079 gaudia
770 1995 790 2055 5

166 2099 351 2185 spernendo
375 2096 538 2161 Christum
560 2095 720 2179 sequeris,

167 2211 356 2287 pascentem
378 2202 463 2265 inter
483 2200 569 2282 lilio,

168 2313 266 2389 tuque
290 2324 360 2370 cum
384 2303 515 2370 Christo
537 2302 691 2388 pssoeris.

169 2492 287 2558 Custos
309 2511 474 2559 sacrarum
496 2492 656 2576 virginum

168 2597 254 2661 omni
275 2598 394 2662 virtute
415 2596 541 2682 previa
750 2592 791 2656 10

168 2696 259 2765 (lueis
286 2699 328 2764 ad
350 2718 504 2784 sponsum
527 2697 687 2764 dominum

167 2803 348 2886 puellarum
370 2803 520 2887 collegia.

254 2991 313 3044 Aus
331 2988 480 3044 desselben
497 2987 545 3042 Hs.

840 1497 1018 1565 Freooisoo
1041 1496 1125 1564 duee
1146 1499 1288 1567 militans

841 1610 875 1665 et
895 1601 998 1666 vineis
1020 1601 1105 1667 trine
1126 1603 1245 1688 prelia

841 1721 971 1768 earnem
993 1724 1131 1789 namque
1155 1705 1379 1791 suppeditans,
1414 1705 1442 1768 15

841 1807 991 1872 mundum
1013 1815 1111 1892 atque
1133 1808 1303 1877 doemonis„

842 1996 917 2062 Jam
935 1997 1005 2080 jem
1028 1998 1061 2061 in
1083 2006 1189 2082 re'gno
1211 1998 1362 2065 luminum

843 2100 929 2183 patri
952 2117 1157 2182 conregnans
1180 2099 1265 2184 filio,

844 2202 903 2285 da,
925 2211 958 2267 te
981 2212 1169 2285 sequentum
1193 2205 1354 2287 agminum

843 2314 934 2371 reeta
956 2305 1028 2371 fore
1050 2307 1199 2390 vestigio.
1416 2303 1447 2367 11

844 2492 895 2559 Sit
915 2497 1017 2580 patri,
1039 2505 1133 2581 noto,
1155 2496 1277 2564 flamini

844 2595 958 2676 decus,
981 2596 1086 2662 honor
1108 2604 1142 2663 et
1164 2599 1271 2681 glorie

843 2715 966 2780 nosque
990 2698 1206 2766 conmendent
1226 2701 1338 2767 lumini

843 2809 965 2865 sanetae
987 2801 1097 2867 Glarae
1118 2802 1284 2888 suffragio,
1323 2824 1416 2871 amen.

257 3106 290 3161 V.
310 3109 351 3161 15.
371 3108 414 3161 16.
440 3107 506 3179 vgt
523 3107 577 3163 No.
595 3107 657 3178 868,
673 3109 715 3163 21.
733 3107 777 3162 ts.
813 3107 866 3163 No.
885 3108 988 3177 862⁶.

403 3457 491 3531 871.
533 3458 591 3531 ne
616 3482 644 3529 s.
666 3455 846 3534 Clemente
869 3486 961 3562 popa
996 3466 1241 3562 (troparium).

169 3691 198 3754 1.
233 3686 354 3754 Christi
375 3691 528 3774 martyris

234 3790 378 3856 colamus
400 3791 486 3857 fests

236 3890 426 3975 Clementis,

167 4084 197 4147 2.
230 4082 291 4161 oui
312 4083 397 4150 huno
420 4084 504 4150 diem

229 4187 382 4270 passione
772 4191 792 4253 5

231 4291 366 4373 proprie
387 4291 466 4356 feeit
487 4290 675 4357 sollemnem

232 4423 343 4509 Atque
364 4427 458 4492 nobis

232 4526 454 4592 venerandum

231 4628 343 4692 tribuit
365 4644 439 4691 esse
462 4626 640 4693 colendum.

168 4821 197 4884 3.
229 4817 291 4885 flio
312 4818 449 4903 primum
752 4826 791 4890 10

232 4923 448 5007 philosophiae
471 4926 593 4992 artibus

233 5027 349 5092 claruit
368 5028 402 5092 in
424 5028 488 5094 hoo
508 5030 627 5096 mundo

232 5136 329 5211 atque
350 5130 462 5195 saeeuli
485 5129 598 5196 studiis

234 5240 305 5297 eret
325 5233 483 5318 intentus,

909 3689 951 3758 Et
972 3702 1049 3778 post
1070 3695 1143 3762 hoo
1419 3694 1449 3758 st

910 3798 1080 3880 apostolici
1103 3797 1265 3883 dogmatis

910 3897 1097 3982 degustavit
1116 3901 1256 3986 fluento,

910 4011 1074 4068 meruerat
1095 4004 1248 4072 eoelesioe

910 4102 1065 4188 conjungi
1087 4124 1201 4172 saone.

844 4290 874 4351 4.
909 4288 970 4354 Cui
992 4289 1127 4359 donavit

909 4389 1026 4457 Petrus
1049 4396 1216 4479 apostolus

909 4493 995 4560 hono
1016 4505 1229 4585 potestatem,

908 4629 953 4698 Ut
974 4633 1063 4698 iilum
1085 4654 1227 4718 sequens

909 4743 1005 4819 regat
1028 4738 1214 4825 ecelesiam,

911 4839 1073 4906 dimittens
1096 4844 1234 4929 oolpem.

845 5035 876 5096 ὃ.
909 5030 970 5112 Qui
991 5040 1068 5098 tone
1089 5036 1229 5119 oeoepte

910 5144 1075 5221 potestate
1099 5136 1175 5204 date

910 5237 990 5304 Post
1011 5240 1084 5325 ejus
1106 5242 1207 5307 vitam
