3250 6517
326 879 482 971 2⁸⁸⁰

862 1068 1064 1132 tatia.

344 1198 552 1270 Salve
593 1206 849 1288 martyr
885 1199 1291 1282 veneranda,

347 1307 525 1375 omni
565 1305 760 1373 laude
800 1302 1216 1391 praeferenda
1234 1352 1252 1387 ,

345 1411 446 1478 sic
489 1429 563 1476 es
603 1427 803 1495 passa
848 1406 1040 1474 sexta
1079 1407 1227 1474 vice

348 1520 421 1579 et
466 1520 746 1576 tractata.
785 1507 1143 1596 impudice,

347 1613 480 1679 cito
526 1611 707 1676 canis
750 1612 1144 1696 impudicus,

349 1712 668 1782 castitatis
711 1712 1003 1779 inimicus
1019 1761 1038 1795 ,

348 1815 421 1882 in
463 1815 693 1883 eculeo
737 1815 1046 1902 suspendi

350 1925 422 1985 te
463 1918 787 2004 praecepit
829 1926 898 1984 et
939 1916 1234 2003 extendi,

347 2019 591 2104 pedum
631 2019 870 2103 plantis
925 2036 1176 2084 sursum
1218 2019 1432 2084 versis

352 2128 424 2186 et
467 2121 721 2204 capillis
762 2118 932 2184 infra
976 2120 1255 2203 spersis3

350 2224 452 2290 sic
498 2242 815 2306 suspensa
858 2220 1215 2304 flagellaris

353 2333 426 2391 et
469 2344 614 2391 cum
658 2325 864 2407 virgis
906 2325 1296 2390 verberaris.

349 2426 636 2495 Possunt
679 2425 829 2493 huic
871 2427 1280 2510 suspensioni

353 2529 572 2595 earnis
619 2545 874 2610 quoque
919 2528 1200 2592 tensioni

353 2631 490 2695 iuae
534 2648 768 2714 preces
809 2629 1141 2714 adaptari,

355 2730 532 2815 quod
576 2749 706 2795 uon
748 2732 959 2815 possit
996 2731 1099 2795 fur
1145 2731 1347 2797 furari

355 2834 615 2915 furtum,
662 2833 773 2898 vel
818 2834 1225 2917 restituatur,

356 2944 471 3004 aut
514 2937 619 3000 fur
661 2937 802 3020 ipse
850 2936 1313 3019 confundatur,

354 3044 429 3102 et
468 3037 628 3119 boc,
673 3036 740 3101 iu
784 3055 1164 3119 quacunque
1209 3036 1401 3100 domo

359 3146 430 3205 te
475 3138 768 3223 depinxit
809 3140 954 3223 pius
998 3137 1211 3203 homo.

360 3275 567 3343 Salve
611 3276 872 3342 victima
917 3279 1145 3360 beata,

359 3381 430 3446 in
474 3397 705 3446 cruore
750 3387 1128 3445 consecrata
1148 3428 1169 3463 ,

362 3483 808 3548 holocaustum
853 3483 981 3551 deo
1023 3484 1282 3568 places,

364 3583 453 3650 ad
497 3582 904 3657 mactandum
945 3601 1157 3669 prona
1188 3585 1396 3670 jaces.

353 3688 560 3760 adest
602 3704 760 3753 ecce
795 3686 937 3771 jam
979 3695 1253 3770 septena

366 3792 462 3859 tui
504 3790 827 3857 cruciatus
869 3809 1093 3874 poena,

363 3895 552 3960 uncis
596 3910 752 3959 caro
795 3893 1124 3959 laceratur

366 4003 438 4062 et
478 3995 841 4080 pectinibus
887 3995 1175 4060 fricatur.

365 4099 544 4165 sacri
587 4099 1032 4166 tunc·cruoris
1076 4099 1272 4163 stillae

364 4202 573 4275 fluunt
616 4221 701 4266 ex
743 4203 1077 4285 puncturis
1120 4201 1328 4284 mille,

369 4312 577 4389 guttae
621 4303 868 4367 stillant
910 4304 1339 4384 incessanter,

369 4413 591 4474 manat
635 4406 901 4486 sanguis
943 4403 1423 4483 habundanter,

374 4511 586 4576 solum
629 4524 930 4590 sparsum
972 4505 1337 4571 madidatur
1351 4554 1368 4586 ,

366 4614 504 4678 foex
550 4628 783 4676 cruore
825 4616 1236 4692 purpuratur„

362 4712 518 4783 mali
561 4707 943 4772 ‘'laneratiuni

371 4824 444 4882 et
488 4812 734 4882 carnali
776 4811 1073 4877 scissioni

372 4920 484 4986 hic
528 4922 797 5001 rogatus
840 4913 1189 4999 adaptatur
1203 4961 1224 4999 ,

372 5020 590 5089 nullus
631 5019 872 5103 infans,
917 5019 1027 5103 qui
1069 5025 1409 5104 nascatur,

228 5140 233 5151 ·
373 5131 713 5190 naturatus
755 5122 1137 5207 imperfecte

362 5233 491 5302 ‚aut
530 5225 846 5301 formatus
888 5222 1225 5291 indirecte.

1517 1609 1601 1670 25

1520 2120 1604 2183 80

1522 2631 1606 2694 35

1524 3139 1608 3204 40

1527 3688 1613 3752 45

1533 4200 1618 4263 50

1537 4711 1622 4774 55

1539 5224 1625 5291 60

1704 1271 1820 1328 tuo
1861 1262 2144 1328 nondum
2187 1261 2427 1327 satiata

1705 1366 1998 1432 cruciatu
2041 1364 2150 1428 vel
2193 1362 2476 1443 lassata3

1706 1464 2123 1532 tormentales
2169 1471 2370 1549 auget
2411 1476 2676 1546 poenas,

1705 1569 1906 1636 multa
1949 1568 2208 1633 feritate
2250 1567 2517 1651 plenas,

1709 1675 1936 1739 subest
1976 1670 2160 1736 furor
2195 1670 2338 1755 jam
2382 1678 2693 1750 octavus,
2743 1722 2756 1735 .

1706 1775 2089 1841 inhumanus
2108 1820 2127 1855 ,
2172 1780 2347 1839 totus
2382 1790 2667 1856 pravus,

1707 1880 1916 1944 forma
1959 1885 2191 1943 tenera
2231 1876 2718 1943 mammillarum

1707 1990 1864 2048 tunc
1907 1988 2248 2062 torquetur
2287 1976 2708 2045 rotundatu·
2723 2023 2744 2059 ,
2849 2027 2853 2031 -

1708 2079 2138 2147 incenduntur
2179 2096 2334 2144 mox
2373 2079 2636 2144 feraces

1712 2182 1798 2249 ad
1836 2180 2178 2247 urendum·
2197 2181 2423 2247 multae
2471 2181 2690 2263 taces,

1712 2286 1857 2369 ejus
1898 2302 2125 2348 manus
2171 2284 2612 2367 applicantur,

1711 2388 1841 2454 hoc
1884 2386 2121 2452 ardore
2166 2394 2679 2452 concremantur.

1710 2492 1878 2557 Huic
1920 2490 2275 2557 succedant
2316 2491 2554 2555 ustioni

1712 2596 1807 2661 tui
1850 2595 2169 2678 rogitatus
2211 2594 2398 2673 boni,

1714 2700 1830 2764 illa
1874 2718 2000 2765 nec
2041 2706 2365 2763 cremetur
2407 2695 2626 2779 aedes,

1715 2799 1782 2863 in
1828 2818 1953 2882 qua
1997 2799 2173 2881 picta
2216 2798 2334 2861 tibi
2375 2795 2602 2878 sedes,

1715 2902 1869 2984 igue
1915 2918 2034 2965 suo
2077 2899 2188 2965 vel
2231 2899 2488 2963 alterno

1717 3011 1831 3069 aut
1874 3003 2156 3069 tonitruo
2202 3018 2508 3084 superno.

2223 3144 2474 3221 quarta.

1721 3275 1922 3342 Salve
1967 3284 2303 3357 constans,
2350 3276 2680 3360 animosa,

1723 3384 1807 3450 ad
1853 3384 2216 3451 conflictum
2260 3384 2612 3468 roborosa,

1720 3490 1789 3554 in
1832 3489 2097 3554 torturis
2140 3488 2232 3553 nil
2272 3506 2671 3573 pavescens,

1722 3590 1811 3656 ad
1854 3592 2207 3676 opprobria
2249 3591 2634 3673 mitescens;

1724 3710 1896 3757 nona
1937 3711 2135 3776 poena
2166 3690 2307 3776 jam
2351 3690 2678 3776 succedit,

1726 3811 1873 3876 quae
1919 3799 1986 3856 te
2030 3809 2286 3874 quoque
2332 3792 2520 3857 nimis
2564 3792 2775 3878 laedit,

1725 3914 1936 3962 vorax
1980 3897 2169 3981 lupus
2215 3897 2300 3962 ad
2346 3916 2647 3966 cruorem

1723 4008 1855 4065 tuae
1901 3999 2115 4064 carnis
2163 4000 2544 4084 ampliorem

1726 4101 1893 4182 sitit,
1939 4102 2231 4183 quamvis
2274 4103 2706 4189 incrassatus,

1720 4200 2009 4271 nondum
2052 4205 2263 4285 poenis
2305 4212 2655 4275 saturatus.

1718 4302 1912 4386 jubet
1955 4303 2120 4368 caedi
2162 4314 2341 4371 tuum
2380 4308 2632 4375 vultum

1726 4406 2101 4472 baculorum
2144 4409 2362 4492 plagis
2403 4411 2703 4497 multum,

1730 4526 1887 4574 caro
1934 4509 2116 4575 vultu
2162 4513 2256 4577 sic
2298 4532 2374 4578 es
2417 4532 2599 4582 caesa

1730 4612 1907 4677 nulla
1950 4631 2233 4696 parsque
2279 4614 2354 4681 fit
2394 4616 2624 4685 illaesa.

1729 4711 2168 4800 Appliceutur
2209 4718 2361 4786 huic
2402 4739 2681 4790 caesura>

1712 4826 1863 4892 ‚tuae
1903 4837 2138 4903 preces
2152 4867 2170 4903 ,
2213 4824 2530 4906 paritura

1731 4920 1923 5004 gravi
1965 4928 2157 5004 partu
2201 4943 2283 4988 ne
2326 4925 2668 4996 caedantur

1734 5024 2191 5108 phantasmali‚
2235 5045 2361 5094 noo
2401 5041 2784 5113 premantur

1731 5125 2000 5192 laesione
2043 5127 2191 5194 fuso
2232 5127 2424 5215 fletu,

1733 5229 1855 5296 sed
1897 5230 2234 5315 quiescant
2273 5234 2414 5301 sine
2455 5246 2653 5307 metu.
