3250 6517
1334 944 1397 1009 441

182 1123 298 1181 lntsraa
311 1124 496 1181 flaxlmiaaas
513 1120 705 1179 ferocissimus
723 1122 870 1179 christiani
887 1121 1005 1179 nominis
1019 1129 1186 1193 persecutor
1200 1124 1230 1176 et
1243 1123 1295 1179 tali
1308 1128 1401 1179 muto·

143 1211 280 1283 *quine
297 1211 507 1284 indignissim
532 1210 634 1268 ductor
656 1215 765 1265 statuto
783 1211 869 1283 juxta
893 1210 1015 1265 radicem
1041 1209 1153 1280 Alpium
1178 1210 1240 1266 zeti
1263 1208 1345 1264 idolo
1370 1209 1400 1263 in

143 1313 179 1366 o,
198 1312 281 1368 quem
300 1298 397 1355 dieunt
414 1298 601 1365 octodorum,
617 1297 770 1368 pracepit,
792 1301 826 1351 ut
843 1297 932 1353 omnis
950 1296 1090 1352 exereitus
1108 1297 1213 1354 viritim
1231 1296 1336 1354 lestiva
1355 1312 1401 1351 cs·

143 1384 230 1441 ritate
249 1392 436 1441 cononmeret
453 1391 483 1441 et
500 1402 519 1441 a
537 1384 744 1455 supplicatione
762 1383 830 1451 diis,
850 1390 881 1439 ut
898 1381 1049 1452 fatebatur,
1068 1385 1273 1442 immortalibus
1291 1384 1401 1457 agenda

143 1471 288 1545 munique
311 1472 413 1528 latitia
437 1489 470 1529 se
487 1488 571 1528 nemo
594 1471 674 1526 velut
695 1470 815 1525 alterius
837 1475 964 1527 sectator
982 1472 1131 1543 religionis
1150 1473 1301 1543 exciperet.
1336 1470 1401 1526 Jam

143 1576 166 1615 o
190 1558 361 1616 (isreoniam
385 1564 574 1631 praecesserat
597 1572 697 1629 agmen
720 1562 750 1612 et
772 1553 943 1612 fmdissimi¹
966 1559 1115 1613 comitatis
1140 1559 1304 1613 societatem
1327 1572 1402 1628 prus·

143 1647 187 1701 tia
205 1644 354 1715 corporali
371 1645 536 1716 reliquerat
573 1643 645 1699 unde
663 1639 768 1698 lactum
785 1649 839 1712 est,
857 1649 889 1698 ut
909 1644 1033 1699 nuntium
1048 1645 1239 1700 scelestissimi
1256 1644 1402 1716 sacrilegii

143 1748 154 1786 r
170 1731 284 1787 audiret
300 1746 420 1803 susque
437 1747 499 1788 cum
517 1729 700 1786 semotissimis
717 1731 778 1786 suis
797 1731 966 1801 corporibus
990 1736 1096 1787 nostras
1114 1738 1259 1802 perpetua
1273 1731 1404 1805 jocundi-

143 1818 309 1875 iservaret
557 1860 573 1891 a

184 1924 309 1979 Ventum
328 1921 427 1979 estad
446 1922 538 1979 locum
556 1922 702 1978 constituti
719 1918 822 1993 flagitii
840 1926 892 1976 etc.

183 2077 222 2133 Es
236 2076 306 2148 solet
324 2094 381 2135 aaa
397 2081 447 2134 der
465 2080 519 2135 lod
534 2080 580 2134 dea
597 2080 772 2135 millessimus
789 2083 835 2133 mit
850 2081 937 2133 aetner
954 2079 1054 2133 Sctucm
1073 2095 1105 2133 zu
1118 2079 1273 2148 Aquarium,
1296 2078 1407 2148 teoross

156 2164 294 2235 &wisse
310 2168 367 2221 oleo
382 2165 525 2237 forestim:

184 2267 251 2323 lade
269 2268 488 2339 precedentium
505 2268 594 2323 secuti
612 2269 736 2340 vestigia
753 2274 920 2340 repererunt
938 2269 1089 2338 primarios
1107 2270 1209 2325 milites
1228 2272 1354 2327 Cassium
1372 2276 1402 2326 et

143 2355 274 2411 »mutim
298 2370 360 2410 cum
383 2361 491 2426 septem
517 2354 584 2409 aliis
607 2355 705 2410 similis
724 2356 890 2410 constantiae
913 2357 984 2411 viris
998 2356 1084 2429 juxta
1101 2357 1241 2413 Veronam
1261 2358 1403 2413 civitatem

154 2440 218 2513 ripa
243 2440 315 2497 neni
338 2438 458 2497 fluminis
486 2441 678 2511 considentes,
709 2441 838 2513 aliosque
865 2457 925 2497 cum
951 2443 992 2498 eis
1017 2459 1098 2513 quarn
1122 2444 1258 2514 plurimos
1277 2444 1403 2518 ejusdem

143 2529 258 2583 nominis
284 2531 335 2585 sed
361 2546 417 2586 non
441 2529 568 2603 ejusdem
597 2528 761 2585 intentionis
789 2529 936 2584 satellites.
981 2530 1039 2607 llos
1068 2531 1131 2585 dum
1158 2532 1343 2603 agnovissent
1368 2531 1403 2586 dc

143 2614 231 2671 anuli
255 2613 344 2673 fuisse
368 2615 519 2689 praesidio,
548 2614 699 2670 sevientes
722 2622 824 2671 contra
844 2632 895 2671 eos
918 2617 952 2671 de
978 2613 1157 2687 professione
1175 2618 1312 2673 sciscitati
1330 2622 1402 2673 sunt

143 2718 213 2773 nque
230 2703 277 2758 illi
296 2719 347 2759 nec
365 2704 512 2759 voluntate
531 2701 625 2756 cordis
650 2716 702 2756 nec
729 2703 867 2757 sententia
885 2703 1079 2772 responsionis
1098 2720 1115 2758 a
1134 2701 1328 2775 superioribus
1348 2705 1404 2759 dis·

143 2796 258 2861 sperent,
277 2789 422 2845 submissis
441 2788 580 2859 capitibus
598 2788 626 2843 in
646 2787 745 2843 ecdem
764 2788 829 2844 loco
848 2804 902 2859 pro
922 2788 1026 2843 Christi
1046 2789 1156 2843 nomine
1175 2791 1312 2861 perempti
1330 2797 1402 2846 sunt.

186 2878 254 2933 llox
278 2876 366 2949 igitur
390 2876 426 2932 ad
452 2877 564 2930 beatum
588 2874 743 2931 Gereonem
765 2875 883 2948 ejusque
901 2875 996 2929 socios
1014 2881 1157 2931 trecentos
1176 2877 1269 2932 decern
1289 2884 1318 2933 et
1336 2884 1403 2934 octo

143 2978 163 3017 n
184 2962 237 3019 illo
260 2962 368 3035 pariter
392 2959 447 3017 fide
471 2962 601 3016 veritatis
624 2967 750 3017 armatos
772 2966 938 3031 persecutor
962 2962 1058 3017 nescio
1082 2962 1209 3018 velocius
1228 2980 1309 3034 quam
1328 2964 1404 3020 falna

143 3050 271 3105 rvenerit.
307 3048 460 3121 Progressi
485 3052 577 3102 tamen
602 3047 745 3118 paululum
769 3053 834 3101 anto
860 3046 1062 3118 subsequentes
1080 3046 1227 3103 carnifices
1251 3049 1279 3104 in
1298 3051 1403 3121 campis

143 3136 265 3208 pippinus
282 3151 394 3207 magnae
413 3134 536 3189 civitatis
555 3134 642 3208 (adl)
659 3134 789 3205 martyrii
808 3133 931 3204 gloriam
950 3150 1012 3188 sesa
1031 3132 1149 3188 invicem
1164 3138 1365 3205 (cohortantes
1373 3138 1402 3208 ⁸)

143 3224 261 3279 astolati
285 3230 359 3279 sunt.
400 3222 501 3294 quibus
520 3222 653 3277 continuo
672 3222 916 3292 supervenientes,
947 3222 986 3275 hii
1005 3222 1053 3293 qui
1071 3223 1148 3277 missi
1167 3229 1249 3279 eraut
1266 3242 1284 3280 a
1298 3225 1403 3299 judice,

143 3310 206 3366 llam
224 3312 314 3365 ineis
332 3308 499 3366 defendendi
522 3310 571 3363 vel
595 3325 612 3363 a
638 3310 788 3380 proposito
812 3306 957 3364 deficiendi
975 3311 1150 3366 voluntatem
1169 3312 1218 3366 scd
1237 3311 1405 3367 constantis·
1452 3368 1454 3373 ,

143 3412 199 3452 nam
225 3397 345 3454 nominis
373 3397 480 3455 Christi
504 3397 670 3452 invenerunt
697 3394 910 3452 confessionem
963 3397 1005 3451 lbi
1034 3397 1133 3452 beatus
1160 3398 1269 3454 Gereou
1297 3399 1352 3453 dux
1376 3402 1405 3453 et

143 3490 213 3556 trtyr
230 3484 365 3557 egregius
384 3500 445 3538 curn
464 3483 522 3537 illis
541 3484 618 3555 regis
637 3483 737 3538 aeterui
755 3483 933 3551 vernaculis,
965 3483 1094 3540 edomitis
1114 3486 1256 3555 omnibus,
1288 3501 1350 3556 qum
1369 3484 1406 3538 ad

143 3571 188 3645 jus
215 3572 284 3627 vitai
315 3569 531 3626 delectationem
562 3575 679 3639 possent
711 3569 845 3638 allicere,
877 3572 1056 3642 semetipsum
1089 3571 1192 3626 obtulit
1221 3578 1405 3642 spontaneam

143 3660 226 3716 atiani
245 3660 340 3714 vivam
359 3658 420 3712 deo.
456 3656 549 3710 lusani
567 3661 692 3711 tortores
711 3661 871 3711 sanctorum
895 3656 997 3711 ibidem
1016 3672 1138 3726 corpora
1157 3664 1335 3712 cruentantes
1353 3674 1405 3729 per

143 3748 193 3821 mpi
215 3746 294 3802 illius
319 3744 463 3816 planitiem
480 3748 641 3811 traxerunt,
673 3748 701 3797 et
719 3743 746 3797 in
766 3747 878 3813 puteum
897 3743 1033 3814 quendam
1052 3743 1196 3797 maximum
1214 3744 1404 3815 projecerunt.

143 3842 278 3893 intratur
296 3840 389 3889 autmr
407 3848 494 3902 usque
513 3831 596 3886 hodie
615 3832 642 3885 in
661 3831 741 3899 loco,
769 3830 816 3885 ubi
835 3849 857 3885 s.
877 3831 988 3887 Gereon
1007 3830 1161 3887 trucidatus
1180 3839 1239 3902 est,
1259 3832 1404 3902 sauguinis

143 3924 193 3981 sins
210 3920 402 3995 spectaculum
426 3926 455 3975 et
476 3920 537 3989 ipse
561 3918 640 3973 locus
664 3920 700 3972 ed
716 3924 845 3990 martyres
869 3919 905 3973 ab
924 3918 1024 3974 incolis
1043 3925 1186 3989 acceptum
1205 3923 1303 3974 servat
1320 3935 1405 3975 vcca-

143 4011 206 4069 lum.

189 4098 259 4155 llaec
278 4095 372 4167 itaque
392 4094 455 4150 dum
473 4097 635 4164 agerentur,
655 4092 758 4146 cohors
773 4092 831 4159 illa,
850 4108 913 4163 quea
926 4093 1038 4147 beatum
1052 4092 1195 4147 Victorem
1209 4090 1405 4161 comitabatur,

158 4186 268 4253 locum,
292 4182 338 4238 oui
356 4180 495 4236 destinata
514 4184 572 4245 est,
598 4194 755 4248 properans
772 4178 902 4248 pervenit
920 4178 955 4232 ad
974 4179 1105 4249 oppidum
1123 4179 1311 4245 Francorum,
1330 4179 1406 4249 quod

153 4273 297 4347 majorum
314 4282 429 4324 suorum
447 4264 558 4320 sedibus
577 4265 693 4337 'l'rojam
711 4264 771 4319 sive
785 4265 903 4319 Zantum
923 4265 1127 4337 nuncupabant,
1145 4264 1238 4335 ibique
1257 4280 1318 4320 cunr
1336 4265 1405 4322 duce

143 4378 155 4419 u
172 4364 270 4417 castra
287 4356 317 4411 in
334 4354 426 4425 pratis
443 4352 598 4407 virentibus
616 4351 718 4422 posuit.
754 4366 805 4405 neu
824 4350 912 4406 minus
927 4351 1047 4406 audaces
1062 4350 1105 4404 illi
1124 4351 1284 4420 cruentique
1303 4352 1406 4407 milites

143 4448 258 4513 imunt,
286 4447 487 4515 peremptoque
505 4440 564 4494 illic
584 4438 739 4495 fortissimo
759 4438 865 4495 Christi
887 4439 975 4494 milite
990 4440 1106 4495 Victore
1126 4455 1187 4493 cum
1207 4440 1339 4496 trecentis
1357 4441 1407 4497 tri-

143 4541 183 4592 rta
200 4530 376 4603 martyribus
394 4533 492 4583 sancta
512 4542 607 4581 eorum
627 4542 750 4596 corpora
768 4526 794 4581 iu
815 4527 886 4581 locis
904 4526 1077 4597 palustribus
1095 4526 1312 4582 submerserunt.

189 4618 316 4677 Tandem
339 4616 446 4687 optatis
468 4613 635 4685 locupletati
659 4614 759 4684 spoliis
782 4629 845 4668 cum
870 4616 994 4670 exercitu
1013 4614 1138 4686 reliquo,
1170 4615 1236 4685 qula
1255 4614 1406 4670 carausius

143 4726 151 4765 a
177 4706 295 4781 fugiens
323 4720 386 4759 sese
412 4703 441 4757 in
469 4702 655 4757 Brittanniam
674 4700 836 4770 transtulit,
864 4719 915 4772 per
933 4704 1006 4757 viam
1026 4719 1080 4773 qua
1098 4707 1249 4769 venerant,
1276 4701 1336 4756 lati
1353 4718 1406 4772 pro

143 4798 213 4852 alors
230 4792 384 4849 redierunt
420 4790 525 4845 Eodem
552 4805 623 4844 vero
642 4794 766 4859 tempore
786 4789 820 4843 de
839 4790 1021 4858 llauritania,
1054 4806 1116 4861 qum
1135 4795 1179 4845 est
1197 4806 1265 4858 pars
1283 4787 1406 4857 Affricrc,

143 4882 284 4951 itimisque
307 4877 472 4950 regionibus
496 4876 598 4931 milites
624 4875 660 4930 ab
685 4876 854 4945 imperatore
879 4883 997 4947 propter
1022 4875 1184 4947 frequentes
1202 4875 1346 4931 Gallorum
1364 4878 1408 4931 ta-

143 4970 207 5027 rltus
225 4966 342 5023 evocati
359 4966 389 5019 in
407 4963 525 5019 Galliam
543 4963 659 5033 navigio
676 4968 828 5030 venerunt,
861 4980 978 5033 quorum
997 4964 1115 5018 trecenti
1134 4963 1218 5033 quinq
1278 4960 1285 4973 ”
1337 4978 1341 4993 ’

143 5054 327 5113 acatholica
351 5051 484 5108 trucidati
508 5066 570 5104 curn
595 5050 680 5104 beato
698 5049 824 5104 (iercone
849 5051 965 5122 ejusque
984 5050 1069 5104 sociis
1090 5049 1174 5104 beato

143 5143 226 5199 istem
245 5146 274 5197 et
292 5138 503 5195 venerationem
520 5141 682 5206 perpetuam
701 5135 875 5206 delegerunt.

192 5228 266 5284 Post
283 5227 347 5280 bueo
364 5223 546 5279 Maximianus
564 5227 700 5293 augustus
719 5237 851 5275 reversus
868 5222 977 5276 ltaliam
999 5220 1136 5275 suadente

143 5332 168 5371 m
186 5316 252 5386 ipso
269 5330 302 5370 se
326 5309 497 5371 transferret
515 5309 544 5365 iu
562 5309 663 5379 otium,
695 5308 760 5364 licet
787 5308 890 5363 invitus
916 5321 1070 5379 purpuram
