3250 6517
164 915 229 980 668

255 1095 372 1152 bvovit
388 1096 420 1153 F.
457 1096 563 1150 11-1t
580 1094 679 1150 stoben
695 1094 726 1150 in
743 1095 756 1150 Ι
772 1093 846 1150 nach
862 1094 889 1147 6.
924 1092 1031 1148 18-20
1046 1091 1077 1146 in
1093 1091 1132 1147 B:

306 1183 412 1239 clarior
429 1183 458 1237 in
477 1197 565 1253 opero
910 1180 982 1236 civis
999 1185 1064 1234 erat
1081 1194 1196 1252 genere.

304 1270 381 1325 urbis
400 1275 462 1325 erat
479 1269 582 1325 Patere
967 1263 1085 1321 hieraui'
1098 1266 1160 1321 sine
1177 1265 1282 1323 brialis.

166 1358 201 1413 18
218 1357 349 1412 Patberae
367 1358 425 1427 ab,
443 1357 489 1412 dis
507 1356 683 1429 griechiscbe
697 1352 894 1412 Nomsnsi'orm
906 1352 1013 1411 Patara
1030 1353 1137 1409 kannt
1154 1354 1184 1409 in
1202 1352 1392 1410 lateinisches
1403 1353 1467 1429 flas,

167 1445 336 1501 schwerlich
354 1460 418 1501 vor.
451 1447 558 1500 21-26
576 1445 674 1500 stehen
692 1444 721 1499 in
738 1445 751 1498 l
768 1444 842 1499 nach
859 1444 902 1499 18.
935 1445 971 1498 22
988 1442 1052 1497 dnm
1069 1442 1142 1498 stad.
1160 1443 1191 1498 li.
1225 1442 1263 1498 23
1280 1440 1329 1496 dd
1341 1441 1420 1497 verb
1433 1440 1463 1497 E

165 1535 202 1587 24
219 1538 346 1601 vertera,
370 1532 437 1588 alle.
470 1533 506 1586 26
524 1532 623 1587 besses
640 1546 744 1604 agros.
778 1532 816 1587 30
829 1530 911 1586 datus
930 1529 950 1585 1.
985 1531 1027 1584 33.
1045 1531 1081 1584 36
1100 1529 1195 1585 lantes
1213 1529 1244 1584 in
1262 1529 1275 1584 l
1292 1544 1344 1585 so:
1371 1542 1464 1600 ragan

165 1634 264 1674 somno
283 1619 401 1688 terruit,
420 1619 577 1675 stratilates
596 1619 678 1675 eruit.
712 1618 749 1673 32
765 1617 940 1687 voluptatem
958 1617 988 1684 1,
1007 1616 1203 1672 enormitatem
1219 1615 1252 1672 Ε.
1287 1617 1334 1672 ta
1351 1616 1389 1671 ib
1403 1612 1462 1670 da

164 1705 312 1774 constent,
345 1707 443 1762 womit
461 1707 484 1762 B
507 1703 634 1762 anfbbrt
687 1706 723 1759 60
746 1703 815 1760 retit
837 1705 869 1759 ll.
923 1705 958 1758 63
975 1704 1003 1758 in
1022 1709 1182 1759 armotearn
1197 1704 1230 1761 0.
1281 1704 1320 1758 66
1336 1700 1461 1771 mati.

102 1785 105 1793 '
164 1792 325 1864 multigenis
343 1792 373 1847 12.
410 1794 445 1847 60
462 1793 564 1848 resnlis
581 1793 621 1863 ll,
645 1797 675 1848 st
697 1792 736 1847 ist
761 1791 811 1847 des
829 1791 934 1847 verses
952 1805 1053 1863 vogen
1076 1791 1107 1844 in
1123 1790 1146 1847 ii
1164 1789 1317 1847 amant
1352 1789 1388 1844 66
1403 1801 1461 1858 prs·

166 1879 246 1934 cibus
264 1875 311 1933 fir
329 1885 360 1934 nt
378 1884 452 1933 naut.
473 1880 491 1948 1,
510 1885 541 1935 ta
558 1894 612 1934 nos
630 1883 705 1934 aaut.
722 1879 756 1947 Α,
773 1882 860 1933 nanta
877 1878 909 1932 ll
944 1879 980 1932 23
997 1876 1076 1951 salas
1096 1874 1169 1932 labit
1185 1877 1217 1934 li.
1248 1877 1285 1932 26
1301 1892 1322 1933 ι
1338 1889 1413 1949 pecc
1428 1873 1456 1930 o

164 1965 200 2020 28
217 1965 353 2020 medicina
369 1964 472 2021 Aron.
508 1967 543 2020 29
561 1964 624 2019 inda
643 1965 674 2021 0.
709 1965 744 2019 st
761 1967 851 2020 totnnr
868 1960 888 2018 f.
907 1963 1016 2032 donum,
1033 1962 1091 2018 alle
1109 1977 1209 2018 ausser
1226 1963 1259 2020 o

252 2053 308 2106 ilas
326 2051 393 2105 Lied
412 2050 523 2107 bestebt
549 2051 593 2106 bis
617 2050 650 2104 V.
671 2051 706 2104 60
732 2066 784 2105 aas
810 2050 1110 2120 &Strophsnpaarem
1141 2046 1250 2106 darant*
1271 2046 1371 2122 lolgen
1392 2048 1451 2104 mi

164 2137 302 2204 Absilae,
325 2138 409 2210 jeder
426 2154 483 2192 von
501 2141 518 2192 3
537 2137 699 2209 Stropbsn,
729 2135 780 2192 nit
797 2136 959 2209 stoigender
975 2136 1086 2193 Anzabl
1105 2136 1155 2192 der
1171 2135 1271 2192 verse.
1316 2136 1380 2192 Vna
1394 2135 1449 2191 tis

166 2224 267 2278 lichem
286 2223 345 2278 Bau
362 2225 400 2279 ist
417 2223 470 2278 No.
489 2224 549 2277 601.
1479 2240 1482 2263 τ

594 2503 703 2578 1095.
738 2506 797 2577 De
824 2529 852 2576 s.
878 2502 1038 2575 Nicolao.

166 2720 242 2789 Ave
264 2730 358 2807 pater
381 2723 618 2807 orphanorum,
841 2741 901 2789 nos
922 2741 984 2808 pro
1006 2725 1074 2788 vita
1095 2724 1255 2789 criminali
1407 2719 1436 2780 25

211 2825 314 2891 dulcis
335 2825 487 2905 Nicolae',
841 2823 1088 2908 praesentandos
1110 2824 1267 2890 tribunali
1479 2808 1482 2821 ’

166 2927 355 2991 sublevator
376 2928 580 3007 miserorum,
880 2925 1001 3010 judicis
1019 2926 1128 2990 severi

209 3049 269 3096 nos
291 3051 311 3095 a
334 3041 436 3096 morte
457 3030 568 3111 trabs;
841 3046 906 3094 non
927 3029 1096 3114 permittas
1118 3028 1351 3115 condempnari

166 3133 260 3198 trabe
283 3150 342 3196 nos
365 3133 408 3198 ad
430 3135 506 3198 vitae
528 3139 672 3216 portum,
769 3135 788 3196 5
842 3138 876 3196 et
897 3149 958 3196 nos
979 3149 1080 3216 preco
1105 3132 1266 3215 singulari

167 3235 209 3300 ad
232 3236 425 3299 amoenitatis
449 3234 593 3317 hortum,
886 3235 996 3317 salva,
1018 3234 1120 3300 decor
1140 3235 1222 3299 veri.
1405 3227 1434 3291 3⁰

231 3348 344 3404 sancte
366 3341 523 3406 Nicolael

841 3421 933 3505 Ave,
957 3425 1010 3507 qui
1033 3424 1188 3509 periculis

166 3521 259 3601 Ave,
284 3525 337 3607 qni
361 3525 539 3607 virginibus
884 3533 990 3590 motus
1011 3526 1260 3608 naufragorum,

210 3646 290 3692 auro
314 3630 509 3712 subvenisti,
841 3627 953 3694 fractis
971 3629 1041 3711 jam
1063 3630 1222 3695 vehiculis

168 3750 247 3813 quas
270 3741 403 3796 aeternae
426 3733 543 3798 finibus
748 3735 788 3800 to
884 3732 977 3795 navis
1000 3739 1034 3797 et
1054 3749 1232 3814 remoram,

211 3833 324 3897 mortis
347 3833 526 3915 abduxisti3
840 3835 946 3899 nautis
969 3835 1041 3919 pius
1063 3834 1244 3901 advocatus
1405 3826 1434 3892 ³⁵

167 3935 209 3998 de
233 3935 327 4000 domo
351 3938 531 4020 spurcitiae,
737 3986 752 4002 .
841 3936 961 4001 affuisti
983 3938 1153 4004 invocatae

167 4045 277 4103 custos
298 4036 478 4121 pudicitiae,
886 4037 929 4102 ad
952 4039 1088 4103 salutem
1109 4039 1245 4104 boram:

209 4139 343 4204 mundas
365 4140 525 4206 eduxisti:
843 4157 925 4222 quos
947 4141 1124 4225 charybdis
1146 4143 1314 4229 inexpleta

165 4260 225 4306 nos
248 4243 399 4307 amandi
422 4244 556 4309 iaecibas
749 4246 789 4308 15
885 4245 997 4308 sorbet
1018 4245 1187 4326 vitiorum,

168 4344 229 4407 tais
251 4345 312 4426 piis
334 4345 488 4428 precibus
842 4342 927 4410 educ
949 4354 1044 4429 pater
1066 4346 1108 4411 ad
1131 4348 1241 4430 quieta
1404 4337 1435 4402 4⁰
1473 4316 1482 4463 1

210 4448 273 4515 666
295 4449 337 4513 66
358 4449 487 4514 domam
510 4450 638 4515 Christi.
907 4449 1017 4515 littora
1038 4450 1175 4534 piornnn
1477 4492 1482 4559 ὲ

165 4631 258 4716 Ave,
280 4636 336 4716 qni
358 4635 400 4699 de
422 4638 538 4702 funere
841 4640 934 4723 Avo,
957 4643 1051 4726 cnjus
1073 4663 1207 4711 munero
1477 4564 1482 4779 1

207 4739 303 4802 trinrn
325 4756 499 4820 puerorum
885 4746 1024 4812 credidit
1044 4747 1198 4833 Jndaens,

166 4839 331 4904 venditam
353 4859 415 4925 pro
437 4864 568 4910 munere
745 4846 789 4911 20
840 4847 917 4914 dum
939 4869 1000 4933 per
1022 4859 1054 4915 te
1077 4850 1119 4915 de
1143 4852 1257 4918 funere

208 4943 306 5007 vitam
313 4993 323 5027 ‚
344 4962 410 5009 non
432 4964 578 5031 reorum,
884 4953 1058 5019 suscitatur
1079 4975 1173 5038 reus,
1403 4946 1434 5012 ⁴⁵
1481 4932 1482 5001 ]

164 5045 311 5112 liberasti
332 5066 510 5134 prospere,
841 5056 897 5139 qui
917 5064 995 5140 post
1017 5077 1129 5123 aarum
1151 5060 1247 5144 abiit,

166 5168 316 5216 curreres
339 5153 413 5217 dnm
435 5172 578 5239 propere
841 5158 929 5243 quod
950 5158 1085 5226 Jndaeas
1105 5162 1219 5229 habuit

205 5252 325 5335 judicis
348 5255 389 5319 ad
413 5257 535 5321 torum:
884 5259 1085 5344 crediditque
1107 5280 1167 5328 rso
